timestamp,bid,bid_size,bid_count,ask,ask_size,ask_count
2021-02-05T10:15:41.740699+01:00,37688.05,0.02908523,2,37688.06,2.6,2
2021-02-05T10:15:46.912250+01:00,37666.4,0.5,1,37666.42,0.01327442,1
2021-02-05T10:15:52.339478+01:00,37671.59,0.5,1,37673.46,0.01327194,1
2021-02-05T10:15:57.513322+01:00,37682.65,0.0254,1,37684.13,0.01,1
2021-02-05T10:16:02.698033+01:00,37702.56,2.19027698,4,37702.57,0.0854,1
2021-02-05T10:16:07.869577+01:00,37711.36,0.024,1,37712.69,0.5,1
2021-02-05T10:16:13.314083+01:00,37692.23,0.74127896,1,37697.59,0.01,1
2021-02-05T10:16:18.369757+01:00,37685.18,0.5,1,37691.12,0.42094844,1
2021-02-05T10:16:23.552170+01:00,37693.9,0.5,1,37700.43,0.04767695,1
2021-02-05T10:16:28.718894+01:00,37700.66,0.5994,3,37700.67,0.079,1
2021-02-05T10:16:33.760558+01:00,37700.65,0.06130166,5,37700.66,2.59078841,3
2021-02-05T10:16:38.950179+01:00,37701.15,0.0206,1,37701.66,0.0114886,1
2021-02-05T10:16:44.501659+01:00,37700,0.5205,2,37700.01,4.33486644,7
2021-02-05T10:16:49.559129+01:00,37688.53,0.0217,2,37688.54,2.01923226,5
2021-02-05T10:16:54.752144+01:00,37687.3,0.0004,1,37687.31,1.35867954,7
2021-02-05T10:16:59.793166+01:00,37685.69,0.5,1,37685.71,0.01,1
2021-02-05T10:17:04.848893+01:00,37693.5,2.32026201,9,37693.51,2.173049,1
2021-02-05T10:17:10.039911+01:00,37699.65,0.19034301,2,37700.01,0.4660311,1
2021-02-05T10:17:15.202797+01:00,37700,0.77673629,6,37700.01,3.00682039,4
2021-02-05T10:17:20.361274+01:00,37700,1.43402388,9,37700.01,0.47022741,3
2021-02-05T10:17:25.654464+01:00,37700,1.35809406,8,37700.01,0.53099209,5
2021-02-05T10:17:30.810347+01:00,37700,3.99395389,13,37700.08,0.89473742,1
2021-02-05T10:17:35.878543+01:00,37707.6,0.1651,3,37707.61,0.388891,1
2021-02-05T10:17:41.174800+01:00,37710.04,0.75242969,4,37710.05,0.047089,1
2021-02-05T10:17:46.225941+01:00,37710.11,0.33826977,5,37710.12,1.553668,1
2021-02-05T10:17:51.397859+01:00,37710.25,0.20065459,5,37710.26,1,1
2021-02-05T10:17:56.443095+01:00,37707.59,0.48294365,3,37707.6,4.27263713,7
2021-02-05T10:18:01.638382+01:00,37709.92,0.05,1,37710.05,0.3889014,1
2021-02-05T10:18:06.690474+01:00,37723.07,0.0176,1,37726.06,0.39,1
2021-02-05T10:18:12.275821+01:00,37723.74,0.74127896,1,37727.84,0.5,1
2021-02-05T10:18:17.330860+01:00,37716.55,0.38078424,2,37716.56,5.47398892,5
2021-02-05T10:18:22.503556+01:00,37700.01,0.68279515,4,37700.34,0.66310403,1
2021-02-05T10:18:27.617201+01:00,37652.31,0.3892,1,37660.44,0.48968,1
2021-02-05T10:18:32.782166+01:00,37648.16,0.0074,1,37648.42,0.39,1
2021-02-05T10:18:37.826744+01:00,37626.65,0.5,1,37627.72,0.1143225,1
2021-02-05T10:18:43.373885+01:00,37622.57,0.0587,2,37622.58,3.61245604,6
2021-02-05T10:18:48.434986+01:00,37597.42,0.0125,1,37597.43,0.45396792,2
2021-02-05T10:18:53.598954+01:00,37596.34,0.497,1,37598.07,0.39,1
2021-02-05T10:18:58.656683+01:00,37626.07,0.07528293,1,37630.36,0.39,1
2021-02-05T10:19:03.847807+01:00,37659.22,0.5,1,37667.86,0.02323633,1
2021-02-05T10:19:08.902957+01:00,37644.58,0.27637394,1,37648.15,0.57889,2
2021-02-05T10:19:14.236820+01:00,37648.29,0.796,1,37649.62,0.39,1
2021-02-05T10:19:19.284334+01:00,37638.18,0.39,1,37645.64,0.39,1
2021-02-05T10:19:24.439446+01:00,37646.66,0.0622,1,37650.62,0.48968,1
2021-02-05T10:19:29.491865+01:00,37647.86,0.1,1,37653.93,0.48968,1
2021-02-05T10:19:34.815368+01:00,37649.03,0.1,1,37653.94,0.0943842,1
2021-02-05T10:19:39.860519+01:00,37651.2,0.0066151,1,37651.21,3.08417919,4
2021-02-05T10:19:45.047490+01:00,37644.17,0.0274,1,37644.18,0.5714507,2
2021-02-05T10:19:50.098227+01:00,37645.12,0.1274,2,37645.13,0.48968,1
2021-02-05T10:19:55.283053+01:00,37646.4,0.0267,1,37648.75,0.39,1
2021-02-05T10:20:00.333159+01:00,37651.47,0.39,1,37654.79,0.39,1
2021-02-05T10:20:05.639709+01:00,37655.68,0.03035166,2,37655.69,0.06,1
2021-02-05T10:20:10.700438+01:00,37658.55,0.98721848,8,37658.56,0.43972215,2
2021-02-05T10:20:15.989220+01:00,37667.65,0.025,1,37667.87,0.005,1
2021-02-05T10:20:21.173258+01:00,37663.9,0.0248,1,37666.6,0.04769449,1
2021-02-05T10:20:26.364055+01:00,37665.07,0.91377241,4,37665.08,0.48968,1
2021-02-05T10:20:31.407139+01:00,37665.11,0.03977241,3,37665.12,4.32316604,9
2021-02-05T10:20:36.683783+01:00,37648.13,0.5,1,37651.46,0.02227788,1
2021-02-05T10:20:41.733105+01:00,37655.53,0.1285979,4,37655.54,0.43970763,2
2021-02-05T10:20:46.925211+01:00,37659.44,0.2119,4,37659.46,0.01,1
2021-02-05T10:20:51.984790+01:00,37663.79,0.00384192,1,37665.13,0.39,1
2021-02-05T10:20:57.145582+01:00,37659.45,0.0996,2,37659.46,0.87830581,2
2021-02-05T10:21:02.320089+01:00,37655.54,0.00127441,1,37655.55,2.60821,3
2021-02-05T10:21:07.473546+01:00,37628.1,0.02856713,2,37628.11,3.03532045,8
2021-02-05T10:21:12.519967+01:00,37628.38,0.078,1,37630.7,0.39,1
2021-02-05T10:21:17.694751+01:00,37624.08,0.5,1,37625.74,0.1060422,1
2021-02-05T10:21:22.746165+01:00,37623.76,0.3519,3,37623.77,3.05276794,5
2021-02-05T10:21:27.975924+01:00,37643.41,0.0147,1,37643.46,0.451,1
2021-02-05T10:21:33.042674+01:00,37639.69,2.76194633,1,37646.36,0.39,1
2021-02-05T10:21:38.100415+01:00,37628.06,0.0254,1,37632.42,0.5,1
2021-02-05T10:21:43.267068+01:00,37619.77,0.0725,1,37624.54,0.1060422,1
2021-02-05T10:21:48.572358+01:00,37619.8,0.7165,1,37620.81,0.39,1
2021-02-05T10:21:53.744857+01:00,37625.4,0.797,1,37629.23,0.5,1
2021-02-05T10:21:59.233694+01:00,37619.49,0.7654,1,37622.77,0.05651971,2
2021-02-05T10:22:04.399992+01:00,37616.78,0.71430868,1,37619.65,0.39,1
2021-02-05T10:22:09.559580+01:00,37603.89,0.797,1,37610.56,0.39,1
2021-02-05T10:22:14.759208+01:00,37605.63,0.7938,1,37610.71,0.39,1
2021-02-05T10:22:19.950458+01:00,37607.48,0.796,1,37609.31,2.1,1
2021-02-05T10:22:25.390489+01:00,37603.43,1.08593877,1,37606.81,0.5,1
2021-02-05T10:22:30.701806+01:00,37603.43,0.55174684,1,37603.44,2.55869945,3
2021-02-05T10:22:35.895132+01:00,37593.01,0.7113,2,37596.51,0.39,1
2021-02-05T10:22:41.108421+01:00,37588.14,0.65937509,1,37592.62,0.39,1
2021-02-05T10:22:46.675675+01:00,37587.64,0.7703,1,37592.19,0.07832122,1
2021-02-05T10:22:52.253646+01:00,37579.76,0.63577971,1,37581.96,0.39,1
2021-02-05T10:22:57.409937+01:00,37546.19,0.1,1,37558,0.11821,1
2021-02-05T10:23:02.463585+01:00,37537.62,0.1,1,37537.63,0.11821,1
2021-02-05T10:23:07.742990+01:00,37559.67,0.1,1,37565.8,0.39,1
2021-02-05T10:23:12.914065+01:00,37564.85,0.01388307,1,37565.72,0.39,1
2021-02-05T10:23:18.114285+01:00,37559.9,0.02404027,4,37559.91,1.18352604,3
2021-02-05T10:23:23.559531+01:00,37551.39,0.2,2,37554.54,0.346,1
2021-02-05T10:23:28.881682+01:00,37559.9,2.82432,6,37559.91,4.98368648,1
2021-02-05T10:23:33.930542+01:00,37559.9,5.60420796,7,37559.91,4.85021894,2
2021-02-05T10:23:38.977683+01:00,37559.9,4.88916978,7,37559.91,4.18466844,2
2021-02-05T10:23:44.180830+01:00,37559.9,2.72694036,6,37559.91,3.92399618,2
2021-02-05T10:23:49.363659+01:00,37559.9,0.7710293,5,37559.91,3.85028639,3
2021-02-05T10:23:54.464005+01:00,37559.9,2.22425736,11,37559.91,2.99808757,3
2021-02-05T10:23:59.748735+01:00,37559.9,2.82559784,10,37559.91,2.82659801,3
2021-02-05T10:24:04.930200+01:00,37550.97,0.86173214,4,37550.98,3.39500029,5
2021-02-05T10:24:09.992831+01:00,37557.66,0.00269532,1,37557.67,0.49968,3
2021-02-05T10:24:15.215227+01:00,37559.9,1.57103438,9,37559.91,2.01584778,2
2021-02-05T10:24:20.414870+01:00,37559.9,0.155,4,37559.91,1.89448829,2
2021-02-05T10:24:25.464233+01:00,37559.9,1.02932841,6,37559.91,1.04229957,2
2021-02-05T10:24:30.782344+01:00,37559.45,0.0253,1,37559.46,3.59230474,6
2021-02-05T10:24:35.831109+01:00,37559.45,0.02729053,3,37559.46,4.11177788,6
2021-02-05T10:24:40.897088+01:00,37559.45,1.31126997,8,37559.46,0.01159815,3
2021-02-05T10:24:45.955762+01:00,37559.9,1.18809116,6,37559.91,0.83241821,2
2021-02-05T10:24:51.233360+01:00,37559.9,1.92597649,8,37559.91,0.65728816,3
2021-02-05T10:24:56.499460+01:00,37573.2,0.7,1,37576.07,2.455757,1
2021-02-05T10:25:01.692935+01:00,37563.12,0.0226,1,37563.13,0.11716822,2
2021-02-05T10:25:06.854508+01:00,37560.29,0.0471,2,37560.3,0.25673975,4
2021-02-05T10:25:11.908775+01:00,37560.29,0.03377771,2,37560.3,0.64852982,2
2021-02-05T10:25:17.142533+01:00,37560.5,1.42250666,5,37560.51,4.205719,3
2021-02-05T10:25:22.331209+01:00,37560.64,8.34744759,15,37560.65,1.85418261,2
2021-02-05T10:25:27.510524+01:00,37586.55,1.04128239,5,37586.56,2.0338968,7
2021-02-05T10:25:32.716803+01:00,37597.29,0.13498539,3,37597.3,0.72710052,3
2021-02-05T10:25:37.902560+01:00,37598.62,0.75489424,5,37598.63,1.10786749,1
2021-02-05T10:25:42.948420+01:00,37598.62,2.97264331,8,37598.63,1.04115788,1
2021-02-05T10:25:48.282390+01:00,37613.95,0.2089,3,37613.96,1.88089032,6
2021-02-05T10:25:53.488727+01:00,37613.95,0.04725678,3,37613.96,6.1275081,12
2021-02-05T10:25:58.657425+01:00,37613.95,0.04050996,3,37613.96,8.05018748,15
2021-02-05T10:26:03.709042+01:00,37613.95,0.03094387,2,37613.96,7.29128036,15
2021-02-05T10:26:08.882780+01:00,37599.05,0.00438521,1,37599.06,0.05195254,1
2021-02-05T10:26:14.054462+01:00,37595.21,0.0275,1,37595.22,3.66701847,7
2021-02-05T10:26:21.255851+01:00,37588.85,0.0422954,2,37588.86,2.10184561,5
2021-02-05T10:26:26.672864+01:00,37588.86,0.03484802,2,37588.87,6.18029916,12
2021-02-05T10:26:31.888212+01:00,37588.86,0.02467037,2,37588.87,2.06624435,4
2021-02-05T10:26:36.933668+01:00,37588.86,0.0246229,3,37588.87,2.06005472,4
2021-02-05T10:26:41.979088+01:00,37588.86,6.92677365,15,37588.87,0.00075416,1
2021-02-05T10:26:47.164128+01:00,37588.87,5.49354969,14,37588.88,0.00920169,1
2021-02-05T10:26:52.337746+01:00,37596.99,0.76846084,8,37597,0.04614379,1
2021-02-05T10:26:57.389980+01:00,37609.01,0.39,1,37609.02,0.02395515,1
2021-02-05T10:27:02.812564+01:00,37619.71,0.09865,1,37621.95,0.39,1
2021-02-05T10:27:07.869870+01:00,37601.87,0.39,1,37612.55,0.0063242,1
2021-02-05T10:27:12.935310+01:00,37605.19,2.96407508,2,37607.97,0.39,1
2021-02-05T10:27:17.984373+01:00,37605.19,2.96407508,2,37607.97,0.39,1
2021-02-05T10:27:23.405660+01:00,37605.21,2.96177508,2,37605.22,4.28845548,6
2021-02-05T10:27:28.451406+01:00,37644.35,3.04157508,3,37644.36,3.30640315,6
2021-02-05T10:27:33.875075+01:00,37608.52,0.39,1,37614.98,0.39,1
2021-02-05T10:27:38.920365+01:00,37620.22,0.39,1,37628.8,0.39,1
2021-02-05T10:27:43.963218+01:00,37620.96,0.0171,1,37620.97,0.01,1
2021-02-05T10:27:49.502182+01:00,37624.26,0.0171,1,37624.27,0.96058619,4
2021-02-05T10:27:54.915200+01:00,37619.32,0.0198,1,37620.05,0.39,1
2021-02-05T10:27:59.961231+01:00,37619.32,0.0194,1,37619.33,3.1970744,5
2021-02-05T10:28:05.418909+01:00,37619.32,0.01919713,2,37619.33,3.4886814,6
2021-02-05T10:28:10.480345+01:00,37627.03,0.30002808,3,37627.04,0.41342382,2
2021-02-05T10:28:15.526488+01:00,37622.07,0.0182,1,37622.08,5.46618455,7
2021-02-05T10:28:20.592998+01:00,37609.37,0.0179,1,37609.38,3.77335215,4
2021-02-05T10:28:25.641916+01:00,37604.71,0.0179,1,37604.72,8.88949232,11
2021-02-05T10:28:30.698026+01:00,37599.16,0.0239699,1,37601.38,0.39,1
2021-02-05T10:28:36.235828+01:00,37602.66,0.0163,1,37604.52,0.39,1
2021-02-05T10:28:41.284354+01:00,37567.95,0.05651597,1,37569.88,0.75950344,1
2021-02-05T10:28:46.333860+01:00,37554.94,0.16044773,3,37554.95,3.08331617,4
2021-02-05T10:28:51.748490+01:00,37554.33,0.0149,1,37554.63,0.0854,1
2021-02-05T10:28:56.910428+01:00,37568.01,0.1,1,37568.71,0.5,1
2021-02-05T10:29:01.978141+01:00,37568.68,0.01545856,2,37568.69,3.88553609,6
2021-02-05T10:29:07.421481+01:00,37583.52,1.61715478,12,37586.76,0.04469113,1
2021-02-05T10:29:12.468641+01:00,37567.81,0.0168,1,37568.18,0.5,1
2021-02-05T10:29:17.512498+01:00,37575.05,0.39,1,37576.27,0.451,1
2021-02-05T10:29:22.565260+01:00,37578.37,0.02275526,2,37578.38,5.93275278,6
2021-02-05T10:29:27.725918+01:00,37577.03,0.39,1,37582.75,0.38037985,1
2021-02-05T10:29:32.779325+01:00,37575.65,0.025,1,37581.15,0.39,1
2021-02-05T10:29:38.583325+01:00,37587.91,0.39,1,37593.96,0.0444827,1
2021-02-05T10:29:43.629286+01:00,37589.99,0.39,1,37592.92,0.00847504,1
2021-02-05T10:29:48.799513+01:00,37593.27,0.0139,1,37597.2,0.39,1
2021-02-05T10:29:53.854172+01:00,37597.49,1.69058,4,37597.5,0.89322733,2
2021-02-05T10:29:59.007679+01:00,37599.99,0.0136,1,37600,0.54388802,2
2021-02-05T10:30:04.429274+01:00,37598.92,0.5,1,37600,0.02405894,1
2021-02-05T10:30:09.977839+01:00,37597.19,0.013,1,37602.17,0.39,1
2021-02-05T10:30:15.415660+01:00,37600.18,0.0127,1,37601.34,2.1,1
2021-02-05T10:30:20.846234+01:00,37586.45,0.39,1,37591.16,0.5,1
2021-02-05T10:30:25.894151+01:00,37586.77,0.13,1,37589.07,0.38035518,1
2021-02-05T10:30:31.335188+01:00,37588.07,0.13,1,37591.06,0.39,1
2021-02-05T10:30:36.747321+01:00,37587.53,0.39,1,37589.98,0.47203158,1
2021-02-05T10:30:42.214456+01:00,37588.93,0.39,1,37590.99,0.5,1
2021-02-05T10:30:47.388821+01:00,37593.91,0.04772558,1,37598.03,0.48,1
2021-02-05T10:30:52.573326+01:00,37597.96,0.0809,2,37598.13,0.01330709,1
2021-02-05T10:30:58.002336+01:00,37592.87,0.104,2,37592.88,3.39,4
2021-02-05T10:31:03.483632+01:00,37586.03,0.17577483,1,37591.08,0.01,1
2021-02-05T10:31:08.531062+01:00,37586.03,0.025,1,37587.45,0.51330231,2
2021-02-05T10:31:14.114274+01:00,37562.46,0.002,1,37563.06,0.01,1
2021-02-05T10:31:19.164110+01:00,37553.5,0.1,1,37558.8,0.39,1
2021-02-05T10:31:24.453593+01:00,37565.7,0.0594529,1,37568.2,0.01,1
2021-02-05T10:31:29.632762+01:00,37566.78,0.0019,1,37566.79,3.77569172,5
2021-02-05T10:31:34.714804+01:00,37572.55,3.22601281,7,37572.56,0.0854,1
2021-02-05T10:31:39.879178+01:00,37582.02,0.00109723,1,37582.03,7.12817946,9
2021-02-05T10:31:45.419492+01:00,37574.32,0.39,1,37577.85,0.11709132,1
2021-02-05T10:31:50.604517+01:00,37574.05,0.39,1,37578.19,0.39,1
2021-02-05T10:31:56.070167+01:00,37566.87,0.0013218,1,37566.88,3.33144739,5
2021-02-05T10:32:01.499545+01:00,37560.82,0.39,1,37565,0.23181692,1
2021-02-05T10:32:06.955813+01:00,37563.62,0.49,2,37566.09,0.24598003,2
2021-02-05T10:32:12.515019+01:00,37565.69,0.39,1,37569.54,0.02954104,2
2021-02-05T10:32:17.688002+01:00,37560.5,0.39,1,37561.26,0.5,1
2021-02-05T10:32:23.043201+01:00,37558.08,0.39,1,37561.3,0.406,1
2021-02-05T10:32:28.216494+01:00,37543.96,0.02073712,1,37543.97,0.04644089,1
2021-02-05T10:32:33.842928+01:00,37531.74,0.11035786,1,37536.88,0.04268269,1
2021-02-05T10:32:39.268539+01:00,37536.87,1.00673734,4,37536.88,0.02451097,1
2021-02-05T10:32:44.701075+01:00,37546.28,0.1,1,37547.08,0.5,1
2021-02-05T10:32:50.493476+01:00,37544.23,0.00592448,1,37548.27,0.78980771,1
2021-02-05T10:32:55.921533+01:00,37543.54,0.39,1,37550.24,0.431,1
2021-02-05T10:33:01.802632+01:00,37548.47,0.00368487,1,37550.62,0.26900991,1
2021-02-05T10:33:06.984902+01:00,37551.57,0.1,1,37551.58,5.34217981,5
2021-02-05T10:33:12.856870+01:00,37562.64,0.48968,1,37573.47,0.48,1
2021-02-05T10:33:18.440774+01:00,37573.16,0.1,1,37573.17,5.61562354,5
2021-02-05T10:33:23.613201+01:00,37573.16,0.068,1,37574.38,0.771049,4
2021-02-05T10:33:29.446364+01:00,37574.85,0.07425882,1,37574.86,0.406,1
2021-02-05T10:33:34.627503+01:00,37593.86,0.18,2,37593.87,2.0851038,5
2021-02-05T10:33:40.096177+01:00,37596.39,0.51541074,1,37596.4,5.16199622,3
2021-02-05T10:33:45.519922+01:00,37597.29,0.20908628,1,37601.03,0.38236506,1
2021-02-05T10:33:51.300281+01:00,37596.39,0.41361115,2,37596.53,0.48,1
2021-02-05T10:33:56.488734+01:00,37600.94,0.06950868,1,37600.95,0.3879314,1
2021-02-05T10:34:01.934772+01:00,37607.39,0.06950868,2,37607.4,0.06,1
2021-02-05T10:34:07.460402+01:00,37633.5,3.09789,4,37633.51,0.34843288,1
2021-02-05T10:34:12.623224+01:00,37638.58,0.08,1,37638.59,0.95822471,3
2021-02-05T10:34:18.147119+01:00,37637.58,0.46851266,2,37637.6,2.7910492,3
2021-02-05T10:34:23.623365+01:00,37626.08,0.017,1,37626.44,0.45297186,2
2021-02-05T10:34:29.229000+01:00,37616.02,0.38283184,2,37617.51,0.09537756,1
2021-02-05T10:34:34.820500+01:00,37617.12,0.0157,1,37621.57,0.39,1
2021-02-05T10:34:40.108780+01:00,37617.12,0.01236025,1,37620.92,0.89,2
2021-02-05T10:34:45.539890+01:00,37617.13,0.079,1,37619.97,0.38893899,1
2021-02-05T10:34:51.100636+01:00,37612.67,0.06508909,1,37617.13,2.14708162,2
2021-02-05T10:34:56.510665+01:00,37602.42,0.99458136,3,37602.43,0.30630017,2
2021-02-05T10:35:02.000979+01:00,37602.64,0.0018,1,37604.94,0.39,1
2021-02-05T10:35:07.458774+01:00,37588.33,0.5,1,37593.84,0.66500382,1
2021-02-05T10:35:12.898509+01:00,37589.91,0.39,1,37591.87,0.11525566,1
2021-02-05T10:35:18.353348+01:00,37596.66,0.1,1,37599.7,0.39,1
2021-02-05T10:35:23.536575+01:00,37593.9,0.06628118,1,37596.79,0.0442672,1
2021-02-05T10:35:28.849044+01:00,37594.43,0.06999436,1,37597.53,0.48968,2
2021-02-05T10:35:34.382190+01:00,37594.66,0.39,1,37598.48,0.66490858,1
2021-02-05T10:35:39.567356+01:00,37597.24,0.1,1,37600.58,0.39,1
2021-02-05T10:35:44.843387+01:00,37598.98,0.89999999,2,37602.6,0.04272012,1
2021-02-05T10:35:50.008048+01:00,37595.41,0.39,1,37600.09,0.38655935,1
2021-02-05T10:35:55.557983+01:00,37587.7,0.86650868,2,37587.71,3.85247806,1
2021-02-05T10:36:01.014911+01:00,37587.74,0.09676888,2,37587.75,0.01853259,2
2021-02-05T10:36:06.181110+01:00,37579.63,0.0152829,1,37579.64,6.59264104,10
2021-02-05T10:36:12.058860+01:00,37574.67,0.1,1,37574.68,2.40845433,2
2021-02-05T10:36:17.504883+01:00,37573.67,0.00764898,1,37573.68,3.05017416,5
2021-02-05T10:36:22.701573+01:00,37573.73,4.6470685,9,37573.74,2.133688,1
2021-02-05T10:36:27.881615+01:00,37573.67,0.03264898,2,37573.85,0.0917638,1
2021-02-05T10:36:33.487758+01:00,37573.97,1.46908728,9,37573.98,0.52431985,2
2021-02-05T10:36:38.662311+01:00,37581.61,2.99043848,14,37581.62,0.068405,1
2021-02-05T10:36:44.188862+01:00,37581.73,0.3586455,5,37581.74,0.1297181,1
2021-02-05T10:36:49.597209+01:00,37573.97,6.38450796,9,37573.98,0.296179,1
2021-02-05T10:36:55.390021+01:00,37580.25,0.16995876,1,37582.98,0.39,1
2021-02-05T10:37:00.674518+01:00,37577.3,0.88363103,2,37582,0.5,1
2021-02-05T10:37:05.849633+01:00,37582.77,4.48231932,8,37582.78,2.38253272,1
2021-02-05T10:37:11.659162+01:00,37577.46,0.797,1,37582.78,3.25093693,7
2021-02-05T10:37:16.818511+01:00,37577.5,0.897,2,37577.51,0.39628592,1
2021-02-05T10:37:22.253259+01:00,37577.75,0.39,1,37580.47,2.47921,1
2021-02-05T10:37:27.414544+01:00,37583.54,0.39,1,37585.25,0.5,1
2021-02-05T10:37:32.635525+01:00,37579.81,0.39,1,37583.16,0.09451929,1
2021-02-05T10:37:37.827910+01:00,37581.25,1.19687005,3,37581.26,0.5,1
2021-02-05T10:37:43.596806+01:00,37577.51,0.00278789,1,37577.52,3.19304597,5
2021-02-05T10:37:49.177968+01:00,37575.23,0.39,1,37575.24,0.07647192,1
2021-02-05T10:37:54.633091+01:00,37588.92,0.63089828,4,37588.93,0.2714963,1
2021-02-05T10:38:00.421316+01:00,37579.36,0.1,1,37582.32,0.39,1
2021-02-05T10:38:05.590296+01:00,37579.1,0.914,1,37579.11,1.35640345,4
2021-02-05T10:38:11.140514+01:00,37580.47,0.39,1,37584.15,0.47493695,1
2021-02-05T10:38:16.313788+01:00,37579.1,0.84664457,1,37579.11,0.70668825,5
2021-02-05T10:38:21.760133+01:00,37579.41,0.57226918,3,37579.42,1.140316,1
2021-02-05T10:38:27.562968+01:00,37579.46,0.53417608,2,37579.47,0.5,1
2021-02-05T10:38:32.974586+01:00,37579.56,4.65689206,9,37579.57,0.940049,1
2021-02-05T10:38:38.802838+01:00,37588.8,2.39375769,6,37588.81,0.44766028,1
2021-02-05T10:38:44.595017+01:00,37601.63,1.01017408,3,37601.64,1.78999169,6
2021-02-05T10:38:50.015653+01:00,37601.63,0.83017408,1,37601.64,3.81,5
2021-02-05T10:38:55.830017+01:00,37589.72,0.796,1,37592.21,0.39,1
2021-02-05T10:39:01.292595+01:00,37588.7,0.89663304,1,37588.71,0.69104036,3
2021-02-05T10:39:06.471461+01:00,37592.64,0.39,1,37597.44,0.49317367,1
2021-02-05T10:39:12.258304+01:00,37591.68,3.6799457,6,37591.69,2.22830733,1
2021-02-05T10:39:17.413478+01:00,37600.85,0.5,1,37600.86,0.0854,1
2021-02-05T10:39:22.598662+01:00,37599.31,0.39,1,37602.62,0.5,1
2021-02-05T10:39:27.750882+01:00,37588.75,0.796,1,37588.76,0.5,1
2021-02-05T10:39:33.562057+01:00,37588.7,0.87369035,1,37588.71,0.47652031,1
2021-02-05T10:39:38.737687+01:00,37579.72,0.00710083,1,37583.4,0.444,1
2021-02-05T10:39:44.285069+01:00,37577.99,0.14409527,1,37580.25,0.39,1
2021-02-05T10:39:49.704561+01:00,37577.58,0.0717597,2,37578.69,0.23329673,2
2021-02-05T10:39:55.133270+01:00,37577.58,0.0717597,2,37577.72,0.0034,1
2021-02-05T10:40:00.565872+01:00,37578.68,0.00756162,1,37578.69,2.84993981,5
2021-02-05T10:40:06.009454+01:00,37577.87,0.39,1,37578.76,0.00985534,1
2021-02-05T10:40:11.199712+01:00,37581.77,5.40437197,11,37581.78,0.41264064,1
2021-02-05T10:40:16.357246+01:00,37582.94,0.39,1,37584.75,0.48,1
2021-02-05T10:40:21.809783+01:00,37585.91,0.52899817,3,37588.62,0.449,1
2021-02-05T10:40:27.617421+01:00,37585.11,0.02218836,1,37585.12,1.10789,7
2021-02-05T10:40:33.414330+01:00,37588.35,0.03716881,1,37588.65,0.11821,2
2021-02-05T10:40:38.573910+01:00,37585.11,0.01962374,1,37585.41,2.21561664,5
2021-02-05T10:40:43.760382+01:00,37585.11,0.51962374,2,37585.12,1.30204336,2
2021-02-05T10:40:49.573649+01:00,37579.5,0.1,1,37581.14,0.7374942,2
2021-02-05T10:40:54.740750+01:00,37579.59,6.61144173,12,37579.6,0.14093043,1
2021-02-05T10:41:00.564783+01:00,37585.11,0.64243065,3,37585.12,1.2175604,1
2021-02-05T10:41:05.747367+01:00,37575.78,0.03589207,1,37578.48,0.13251181,1
2021-02-05T10:41:11.172829+01:00,37576.09,0.09254164,1,37576.82,0.02397567,1
2021-02-05T10:41:16.583806+01:00,37560.8,0.12051211,1,37572.81,0.42074823,2
2021-02-05T10:41:21.777157+01:00,37565.64,0.02301442,2,37570.18,0.39,1
2021-02-05T10:41:26.963688+01:00,37562.06,0.00353978,1,37562.07,0.398,2
2021-02-05T10:41:32.157963+01:00,37560.63,0.00602062,1,37562.71,0.33220405,1
2021-02-05T10:41:37.329033+01:00,37557.15,0.914,1,37557.98,0.438,1
2021-02-05T10:41:42.629581+01:00,37557.97,0.73549363,5,37557.98,0.37848249,1
2021-02-05T10:41:47.793184+01:00,37552.03,0.01953978,3,37552.04,1.1368995,5
2021-02-05T10:41:52.970742+01:00,37550,0.1385159,3,37550.01,6.25676916,6
2021-02-05T10:41:58.789293+01:00,37547.74,0.39,1,37550.79,0.48,1
2021-02-05T10:42:03.952944+01:00,37559.63,0.48968,1,37559.64,0.03738132,1
2021-02-05T10:42:09.486091+01:00,37560.33,5.07952512,10,37560.34,0.22040341,1
2021-02-05T10:42:15.014856+01:00,37562.7,1.67680898,6,37562.71,0.034,2
2021-02-05T10:42:20.436007+01:00,37565.92,0.60296351,4,37567.83,0.03113984,1
2021-02-05T10:42:25.866224+01:00,37568.56,0.01208679,1,37572.04,0.3779138,1
2021-02-05T10:42:31.680872+01:00,37550.75,0.79168518,1,37558.07,0.39,1
2021-02-05T10:42:36.847411+01:00,37545.41,1.41244105,6,37545.42,0.04997477,2
2021-02-05T10:42:42.158595+01:00,37547.35,0.08291458,1,37547.36,0.11821,2
2021-02-05T10:42:47.330899+01:00,37540.01,0.002,1,37540.02,0.48968,1
2021-02-05T10:42:53.137467+01:00,37534.52,2.41234342,7,37534.53,0.22855478,2
2021-02-05T10:42:58.560222+01:00,37536.9,0.04480892,1,37538.28,0.39,1
2021-02-05T10:43:04.058536+01:00,37534.52,0.04012934,2,37534.53,2.97709639,4
2021-02-05T10:43:09.217431+01:00,37525.81,0.39,1,37528.87,0.1,1
2021-02-05T10:43:15.002990+01:00,37526.83,0.07095524,1,37526.84,0.66612344,1
2021-02-05T10:43:20.548682+01:00,37533.76,0.39,1,37541.63,0.464,1
2021-02-05T10:43:25.967272+01:00,37531.88,0.1,1,37535.28,0.0133208,1
2021-02-05T10:43:31.414284+01:00,37531.88,0.06975137,1,37538.04,0.39,1
2021-02-05T10:43:36.582703+01:00,37539.64,0.11821,5,37539.65,0.48,1
2021-02-05T10:43:42.888540+01:00,37549.99,5.53804031,12,37550,0.7520907,1
2021-02-05T10:43:48.428707+01:00,37549.99,5.64580546,14,37550,0.3080907,1
2021-02-05T10:43:53.585022+01:00,37550.14,4.80755624,11,37550.15,0.50060839,2
2021-02-05T10:43:59.392432+01:00,37568.2,0.32138522,2,37570.1,0.01330845,1
2021-02-05T10:44:04.834738+01:00,37541.93,0.50821,2,37541.94,0.01,1
2021-02-05T10:44:10.658583+01:00,37542.8,0.5,1,37552.91,0.39,1
2021-02-05T10:44:15.820422+01:00,37548.17,0.04553719,1,37551.22,0.06320578,1
2021-02-05T10:44:21.001618+01:00,37551.86,1.89280565,6,37551.87,0.406,1
2021-02-05T10:44:26.541659+01:00,37553.57,1.39948303,6,37553.58,0.10746513,2
2021-02-05T10:44:31.707168+01:00,37570.89,1.95341239,7,37570.9,2.06720835,4
2021-02-05T10:44:37.505497+01:00,37553.19,0.03,1,37554.11,0.04953227,1
2021-02-05T10:44:42.667819+01:00,37558.25,0.03,1,37558.26,0.0854,1
2021-02-05T10:44:48.091037+01:00,37554.62,0.39,1,37556.42,0.48,1
2021-02-05T10:44:53.259589+01:00,37554.99,0.01749155,2,37555,0.67086,3
2021-02-05T10:44:59.080918+01:00,37563.93,0.01126649,2,37563.94,2.65224591,7
2021-02-05T10:45:04.239408+01:00,37568.96,0.39,1,37568.97,0.48968,1
2021-02-05T10:45:09.857376+01:00,37549.71,0.20464037,1,37553.13,0.39,1
2021-02-05T10:45:15.158409+01:00,37551.58,3.00111416,8,37551.59,0.231,1
2021-02-05T10:45:20.325950+01:00,37554.06,1.30621,5,37554.07,0.425,1
2021-02-05T10:45:26.183365+01:00,37554.92,0.10421381,2,37558.63,0.48,1
2021-02-05T10:45:31.600464+01:00,37554.05,0.5,1,37560.32,0.08171312,2
2021-02-05T10:45:37.176565+01:00,37557.53,0.0013,1,37557.54,0.91373439,5
2021-02-05T10:45:42.355131+01:00,37550.55,0.11821,1,37557.8,0.0833134,1
2021-02-05T10:45:47.818615+01:00,37553.98,0.1,1,37558.96,0.32451682,2
2021-02-05T10:45:53.636802+01:00,37556.16,3.2411786,6,37559.02,0.27181505,3
2021-02-05T10:45:59.446460+01:00,37553.97,0.5,1,37558.61,0.414,1
2021-02-05T10:46:04.857798+01:00,37558.97,0.11988089,2,37558.98,0.03464691,3
2021-02-05T10:46:10.461029+01:00,37558.97,0.01988089,1,37561.97,2.76723233,1
2021-02-05T10:46:15.666597+01:00,37558.83,0.41812604,1,37558.84,5.78015986,6
2021-02-05T10:46:21.147408+01:00,37544.88,0.5,1,37550.15,0.39,1
2021-02-05T10:46:26.313782+01:00,37548.01,0.0308,1,37549.98,0.48,1
2021-02-05T10:46:31.623753+01:00,37546.22,0.01573102,1,37548.74,0.53315726,2
2021-02-05T10:46:36.777038+01:00,37550.17,1.498,4,37550.18,0.00319286,1
2021-02-05T10:46:42.588216+01:00,37552.29,0.044,1,37554.95,0.20032932,3
2021-02-05T10:46:47.775270+01:00,37552.69,0.015,1,37552.7,0.02011031,1
2021-02-05T10:46:53.314488+01:00,37554.99,1.85350272,7,37555,0.28991765,1
2021-02-05T10:46:58.717921+01:00,37560.89,0.5,1,37560.9,0.452,1
2021-02-05T10:47:03.905345+01:00,37559.17,0.5,1,37562.37,0.01,1
2021-02-05T10:47:09.709913+01:00,37564.89,0.00280266,1,37564.9,0.47,1
2021-02-05T10:47:15.491245+01:00,37566.31,0.28376018,3,37566.32,3.45273008,5
2021-02-05T10:47:20.920225+01:00,37566.31,0.23867831,3,37566.32,6.37857056,6
2021-02-05T10:47:26.457987+01:00,37566.31,0.25004159,4,37566.32,0.51247151,1
2021-02-05T10:47:31.870891+01:00,37566.31,0.24083105,4,37566.32,0.43426967,1
2021-02-05T10:47:37.719769+01:00,37566.31,0.24430849,4,37566.32,0.5452358,3
2021-02-05T10:47:43.595549+01:00,37567.46,0.60788502,4,37567.47,0.14672295,1
2021-02-05T10:47:48.758243+01:00,37567.46,0.12192721,4,37567.47,0.62034653,4
2021-02-05T10:47:54.544579+01:00,37561.94,0.24587563,3,37561.95,1.29044857,5
2021-02-05T10:47:59.958745+01:00,37565.29,0.05324692,1,37567.47,0.1144513,1
2021-02-05T10:48:05.150166+01:00,37557.18,0.04742167,2,37557.19,6.84608119,10
2021-02-05T10:48:10.375039+01:00,37553.26,0.0066,1,37553.27,2.59298542,4
2021-02-05T10:48:15.643384+01:00,37545.33,0.079,1,37545.34,0.5,1
2021-02-05T10:48:20.813491+01:00,37546.85,0.64082637,4,37546.86,0.00163382,1
2021-02-05T10:48:26.597860+01:00,37545.33,0.003116,1,37545.34,0.04511519,2
2021-02-05T10:48:32.137824+01:00,37545.33,0.003116,1,37545.34,0.48075578,3
2021-02-05T10:48:37.591077+01:00,37545.47,0.65782985,3,37545.48,0.086727,2
2021-02-05T10:48:43.137562+01:00,37545.33,0.03607,1,37545.34,0.42808969,2
2021-02-05T10:48:48.309325+01:00,37545.54,0.21821,2,37545.55,2.392178,1
2021-02-05T10:48:54.151846+01:00,37545.68,2.52188787,5,37545.69,2.358858,3
2021-02-05T10:48:59.582919+01:00,37545.79,4.33613844,11,37545.8,0.30390374,1
2021-02-05T10:49:05.009618+01:00,37545.79,1.37613844,7,37545.87,2.13982641,2
2021-02-05T10:49:10.582359+01:00,37545.93,0.38187159,5,37545.94,0.051278,1
2021-02-05T10:49:16.001718+01:00,37548.55,0.07457051,1,37548.56,0.258981,2
2021-02-05T10:49:21.438770+01:00,37547.48,0.05364088,1,37548.78,0.48,1
2021-02-05T10:49:26.842414+01:00,37547.83,0.16346708,2,37547.84,2.417501,2
2021-02-05T10:49:32.277168+01:00,37547.95,0.58786568,5,37547.96,2.332372,2
2021-02-05T10:49:37.710618+01:00,37551.42,4.45234678,11,37551.43,0.0326291,1
2021-02-05T10:49:43.248580+01:00,37554.12,0.39,1,37554.13,2.482119,1
2021-02-05T10:49:48.413117+01:00,37560.32,0.12889769,3,37560.33,0.51815146,2
2021-02-05T10:49:54.200667+01:00,37560.36,0.33442361,4,37560.37,2.67933945,5
2021-02-05T10:49:59.374694+01:00,37560.36,0.21653785,3,37560.37,2.23040999,4
2021-02-05T10:50:04.620417+01:00,37561.99,0.22934593,4,37562,5.96781628,9
2021-02-05T10:50:09.792817+01:00,37561.99,0.16154008,3,37562,0.71383819,5
2021-02-05T10:50:15.366877+01:00,37561.99,0.16154008,3,37562,5.85937425,9
2021-02-05T10:50:20.537102+01:00,37561.99,0.17590197,4,37562,5.5492922,8
2021-02-05T10:50:25.961806+01:00,37557.38,0.14337715,3,37557.39,2.60366777,3
2021-02-05T10:50:31.405883+01:00,37548.63,0.0245,1,37549.12,0.05627616,1
2021-02-05T10:50:36.572023+01:00,37551.4,0.39,1,37551.41,0.057681,1
2021-02-05T10:50:42.134832+01:00,37549.65,0.39,1,37551.46,0.48,1
2021-02-05T10:50:47.559132+01:00,37553.6,6.56855726,13,37553.61,0.46742528,2
2021-02-05T10:50:53.387547+01:00,37553.7,1.84183571,8,37553.71,0.488965,2
2021-02-05T10:50:58.545884+01:00,37570.48,0.64371,4,37570.49,2.09795741,2
2021-02-05T10:51:03.991442+01:00,37552.47,0.39,1,37554.45,0.48,1
2021-02-05T10:51:09.547974+01:00,37553.26,0.39,1,37555.59,0.39,1
2021-02-05T10:51:14.972020+01:00,37553.06,0.29833205,4,37553.07,2.8642022,6
2021-02-05T10:51:20.500791+01:00,37553.06,0.1342725,4,37553.07,1.26303776,6
2021-02-05T10:51:25.688014+01:00,37553.06,0.24237754,4,37553.07,0.4306847,2
2021-02-05T10:51:31.222035+01:00,37561.15,0.0319,1,37561.16,0.39,1
2021-02-05T10:51:36.629558+01:00,37561.14,0.2459739,3,37561.15,0.43784003,2
2021-02-05T10:51:42.443884+01:00,37561.15,0.02980863,1,37561.16,2.62178509,6
2021-02-05T10:51:47.609640+01:00,37561.15,0.1307,2,37561.16,0.39,1
2021-02-05T10:51:53.054093+01:00,37563.24,0.05295445,1,37565.26,0.02976903,1
2021-02-05T10:51:58.478542+01:00,37565.33,0.72844356,8,37565.34,0.69252011,1
2021-02-05T10:52:03.682504+01:00,37578.69,0.0301,1,37578.7,1.07779813,8
2021-02-05T10:52:09.489315+01:00,37578.67,1.2582124,3,37578.68,0.37966792,3
2021-02-05T10:52:14.669735+01:00,37578.67,0.0361,2,37578.68,3.48208517,10
2021-02-05T10:52:20.209373+01:00,37570.12,0.11352189,4,37570.13,0.73183381,5
2021-02-05T10:52:25.372636+01:00,37570.12,0.21454187,6,37570.13,0.55522811,5
2021-02-05T10:52:30.700534+01:00,37570.12,0.13387308,5,37570.13,1.58868883,5
2021-02-05T10:52:36.486135+01:00,37570.12,4.51881807,9,37570.13,0.17182295,2
2021-02-05T10:52:41.935670+01:00,37593.61,6.09348231,14,37593.62,0.08608729,1
2021-02-05T10:52:47.486732+01:00,37596.34,0.16574937,4,37596.35,3.4897843,8
2021-02-05T10:52:52.652922+01:00,37599.99,1.35693605,8,37600,1.06781677,4
2021-02-05T10:52:58.491904+01:00,37599.99,0.78595774,8,37600,0.93424907,2
2021-02-05T10:53:03.647622+01:00,37580.93,0.0239,1,37585,0.68887499,3
2021-02-05T10:53:09.207612+01:00,37578.02,0.0235,1,37579.92,0.39,1
2021-02-05T10:53:14.382362+01:00,37563.49,0.09381905,1,37564.75,0.08378214,1
2021-02-05T10:53:20.178007+01:00,37534.06,0.02997871,2,37534.07,0.69822617,5
2021-02-05T10:53:25.613240+01:00,37535.94,0.0204,1,37540.32,0.48,1
2021-02-05T10:53:31.421445+01:00,37541.02,0.0204,1,37541.03,2.77875262,4
2021-02-05T10:53:36.847139+01:00,37546.17,0.39,1,37548.91,0.39,1
2021-02-05T10:53:42.384643+01:00,37544.1,0.39,1,37546.97,0.48,1
2021-02-05T10:53:47.539134+01:00,37541.39,0.01858462,2,37541.4,4.38365102,11
2021-02-05T10:53:53.099587+01:00,37538.86,0.13641,2,37538.87,2.488666,1
2021-02-05T10:53:58.255644+01:00,37534.99,0.70085874,4,37535,0.41,1
2021-02-05T10:54:03.471068+01:00,37535.07,0.50821,2,37535.08,0.062701,2
2021-02-05T10:54:08.626250+01:00,37549.77,6.10850283,12,37549.78,2.424198,1
2021-02-05T10:54:14.190221+01:00,37543.69,0.0163,2,37543.7,3.67560513,8
2021-02-05T10:54:19.351913+01:00,37527.21,0.0159,1,37529.88,0.39,1
2021-02-05T10:54:24.529843+01:00,37527.91,0.0053,1,37530.13,2.15,1
2021-02-05T10:54:29.958106+01:00,37525.49,0.0149,1,37525.5,0.28039928,1
2021-02-05T10:54:35.129576+01:00,37525.65,0.13231,2,37525.66,0.022211,2
2021-02-05T10:54:40.295842+01:00,37525.89,5.50275488,11,37525.9,1.76868821,1
2021-02-05T10:54:45.736197+01:00,37525.97,0.26238134,4,37525.98,5.20965494,9
2021-02-05T10:54:51.573574+01:00,37525.01,0.0452,1,37525.66,0.04370611,2
2021-02-05T10:54:56.972908+01:00,37525.65,1.34041561,6,37525.66,0.005,1
2021-02-05T10:55:02.463124+01:00,37528.13,0.72812145,4,37528.14,0.97373,1
2021-02-05T10:55:07.633439+01:00,37529.91,0.225,2,37529.92,1.185333,5
2021-02-05T10:55:13.463246+01:00,37525,0.02181755,1,37532.83,0.048,1
2021-02-05T10:55:18.881829+01:00,37523.9,0.24321,2,37523.91,3.20421123,4
2021-02-05T10:55:24.048585+01:00,37517.36,0.125,1,37521.17,0.39,1
2021-02-05T10:55:29.214730+01:00,37517.2,0.125,1,37520.72,0.21148887,2
2021-02-05T10:55:34.388518+01:00,37508.88,0.25836979,3,37508.89,5.9907392,6
2021-02-05T10:55:39.805257+01:00,37508.88,0.25836979,3,37508.89,2.49804881,2
2021-02-05T10:55:45.342440+01:00,37506.41,0.25686304,4,37506.42,2.63,2
2021-02-05T10:55:50.778023+01:00,37508.89,0.16893358,4,37508.9,3.29403684,9
2021-02-05T10:55:56.573090+01:00,37506.52,0.125,1,37506.53,2.52498791,2
2021-02-05T10:56:01.767252+01:00,37501.9,0.24975734,4,37501.91,4.90825241,12
2021-02-05T10:56:07.249190+01:00,37494.47,0.125,1,37494.48,0.48968,1
2021-02-05T10:56:12.669568+01:00,37492.05,0.23350238,4,37492.06,0.03813774,2
2021-02-05T10:56:18.474898+01:00,37481.68,0.24321,2,37481.69,0.6385742,4
2021-02-05T10:56:23.678976+01:00,37481.68,0.71332364,5,37481.69,0.01704665,3
2021-02-05T10:56:28.942451+01:00,37481.68,0.10668069,1,37481.69,3.60453129,9
2021-02-05T10:56:34.476321+01:00,37480.01,0.125,1,37480.02,2.38112907,4
2021-02-05T10:56:39.914312+01:00,37482.43,1.18294538,5,37482.44,0.0348864,1
2021-02-05T10:56:45.706167+01:00,37487.01,0.70030625,5,37487.02,0.00280136,1
2021-02-05T10:56:51.223042+01:00,37487.29,0.33465267,5,37487.3,0.63359608,3
2021-02-05T10:56:56.629848+01:00,37487.29,0.33645535,5,37487.3,0.39535455,2
2021-02-05T10:57:01.844839+01:00,37480,0.13294041,1,37480.01,0.01575569,1
2021-02-05T10:57:07.003989+01:00,37480,0.09889872,1,37480.01,0.04216725,1
2021-02-05T10:57:12.428769+01:00,37463.79,0.01456364,1,37463.8,1.49527174,6
2021-02-05T10:57:17.601157+01:00,37467.89,0.1106,1,37469.77,0.18197748,2
2021-02-05T10:57:22.790018+01:00,37475.63,1.00821,6,37475.64,0.0854,1
2021-02-05T10:57:27.962609+01:00,37482.69,0.77030343,2,37482.7,3.65178031,11
2021-02-05T10:57:33.141414+01:00,37471.88,0.66699227,1,37475.3,0.39,1
2021-02-05T10:57:38.318156+01:00,37462.92,0.00207147,1,37462.93,3.99960669,5
2021-02-05T10:57:43.850812+01:00,37451.24,0.0929,2,37451.25,3.33388022,8
2021-02-05T10:57:49.006088+01:00,37454.28,0.0829,1,37454.56,0.012102,1
2021-02-05T10:57:54.843140+01:00,37454.29,0.07955551,3,37454.3,3.76615981,5
2021-02-05T10:58:00.333976+01:00,37441.16,0.00845,1,37445.34,1.19036655,6
2021-02-05T10:58:05.498590+01:00,37455.35,0.11701366,2,37455.36,0.56796772,2
2021-02-05T10:58:10.699056+01:00,37448.55,0.0755,1,37448.83,0.48,1
2021-02-05T10:58:16.172396+01:00,37457.15,0.06424388,1,37457.81,0.39,1
2021-02-05T10:58:21.608430+01:00,37447.79,0.0666,1,37448.3,0.1222547,2
2021-02-05T10:58:27.127610+01:00,37446.85,0.0634,1,37446.86,0.05219572,1
2021-02-05T10:58:32.309675+01:00,37447,0.06171183,2,37447.01,5.63780193,9
2021-02-05T10:58:37.843399+01:00,37350.31,0.0606,1,37354.77,0.06016778,1
2021-02-05T10:58:43.404281+01:00,37390.54,0.01736771,1,37394.36,0.11821,1
2021-02-05T10:58:48.612220+01:00,37372.54,0.01456364,1,37372.55,0.09817694,1
2021-02-05T10:58:53.908304+01:00,37350.95,0.0454,1,37350.96,0.19567857,3
2021-02-05T10:58:59.218586+01:00,37377.73,0.001,1,37378.79,0.5,1
2021-02-05T10:59:04.641208+01:00,37351.57,0.5,1,37353.47,0.1,1
2021-02-05T10:59:09.959851+01:00,37357.17,0.0411,1,37357.18,2.66716098,5
2021-02-05T10:59:15.482399+01:00,37367.61,0.39,1,37373.52,0.4,1
2021-02-05T10:59:20.938026+01:00,37258.96,0.001418,1,37262.63,0.2,1
2021-02-05T10:59:26.558113+01:00,37295.67,2.65821,4,37295.68,0.02814454,1
2021-02-05T10:59:31.713796+01:00,37308.31,3.75021,5,37308.32,2.348843,1
2021-02-05T10:59:37.171875+01:00,37300.41,0.0425,1,37301.21,0.48968,1
2021-02-05T10:59:42.333049+01:00,37277.17,0.0425,1,37283.05,0.5,1
2021-02-05T10:59:47.878325+01:00,37277.26,0.63202465,3,37277.27,0.23107938,2
2021-02-05T10:59:53.413508+01:00,37294.43,0.5,1,37300.41,0.8,2
2021-02-05T10:59:58.569369+01:00,37292.2,3.60727082,8,37292.21,2.06006498,1
2021-02-05T11:00:03.750268+01:00,37280.87,0.11821,1,37280.88,0.000313,1
2021-02-05T11:00:09.258899+01:00,37304.19,0.5,1,37310.95,0.4621833,1
2021-02-05T11:00:14.469140+01:00,37331.84,0.024,1,37331.85,2.17034317,3
2021-02-05T11:00:20.253194+01:00,37316.19,4.15536183,8,37316.2,0.069141,2
2021-02-05T11:00:25.688470+01:00,37334.7,1.24210281,6,37334.71,2.719963,2
2021-02-05T11:00:31.148297+01:00,37331.78,0.1,1,37334.5,0.39,1
2021-02-05T11:00:36.315719+01:00,37346.65,0.51451833,5,37346.66,0.90868,5
2021-02-05T11:00:42.186100+01:00,37354.83,0.1245,2,37354.84,3.44,4
2021-02-05T11:00:47.743859+01:00,37356.45,0.1,1,37360.49,0.39,1
2021-02-05T11:00:53.292426+01:00,37353.04,0.0217,1,37353.05,2.65,2
2021-02-05T11:00:58.711508+01:00,37324.76,0.02140149,1,37327.25,0.39,1
2021-02-05T11:01:03.896688+01:00,37321.88,0.0195,1,37321.9,0.373,1
2021-02-05T11:01:09.404565+01:00,37311.5,0.0189,1,37311.51,2.54,2
2021-02-05T11:01:14.886288+01:00,37290.16,0.5,1,37291.19,0.02133892,1
2021-02-05T11:01:20.440038+01:00,37263.12,0.0232,2,37263.13,4.57258282,2
2021-02-05T11:01:25.886405+01:00,37251.11,0.5,1,37256.45,0.12078498,2
2021-02-05T11:01:31.478969+01:00,37243.11,0.00155772,1,37243.94,0.88053397,1
2021-02-05T11:01:36.656254+01:00,37242.16,0.11821,1,37243.07,0.804,1
2021-02-05T11:01:42.493033+01:00,37254.26,0.39,1,37261.68,0.5,1
2021-02-05T11:01:47.661899+01:00,37264.45,0.5,1,37267.29,0.67427979,1
2021-02-05T11:01:53.247574+01:00,37275.94,0.00029737,1,37280.49,0.10430567,1
2021-02-05T11:01:58.428958+01:00,37282.06,0.39,1,37292.78,0.0815396,1
2021-02-05T11:02:03.970965+01:00,37262.16,0.39,1,37272.73,0.5,1
2021-02-05T11:02:09.538557+01:00,37277.95,0.11821,1,37283.13,0.2545,1
2021-02-05T11:02:14.745275+01:00,37287.02,1.00821,3,37287.03,0.01367981,1
2021-02-05T11:02:20.377539+01:00,37295.5,0.1,1,37302.22,0.71770525,1
2021-02-05T11:02:25.562298+01:00,37305,0.10709025,1,37313.41,0.2545,1
2021-02-05T11:02:31.215153+01:00,37321.55,0.11821,1,37328.67,0.5,1
2021-02-05T11:02:36.421892+01:00,37321.4,0.39,1,37321.41,5,1
2021-02-05T11:02:41.959512+01:00,37325.74,0.39,1,37332.69,0.08537604,1
2021-02-05T11:02:47.742601+01:00,37329.7,0.39,1,37333.83,0.08537604,1
2021-02-05T11:02:52.903167+01:00,37357.13,1.78623697,5,37357.14,0.01,1
2021-02-05T11:02:58.471401+01:00,37336.95,0.0579958,1,37351.95,0.39,1
2021-02-05T11:03:03.887934+01:00,37316.35,0.11821,1,37316.36,0.05333543,1
2021-02-05T11:03:09.766331+01:00,37315.61,0.11821,1,37315.62,0.6698974,1
2021-02-05T11:03:14.944856+01:00,37321.12,0.0581,1,37326.19,0.39,1
2021-02-05T11:03:20.714789+01:00,37321.12,0.05599687,1,37326.15,0.5,1
2021-02-05T11:03:25.877099+01:00,37326.54,5.52864385,6,37326.55,4.98687878,1
2021-02-05T11:03:31.491176+01:00,37336.53,0.09368343,1,37343.37,0.39,1
2021-02-05T11:03:36.941151+01:00,37357.02,1.42378747,1,37360.48,0.39,1
2021-02-05T11:03:42.764162+01:00,37351.33,0.39,1,37359.29,0.02852717,1
2021-02-05T11:03:47.939835+01:00,37369.5,0.22805753,3,37369.51,0.0854,1
2021-02-05T11:03:53.730392+01:00,37369.5,0.00988081,3,37369.51,10.89928261,13
2021-02-05T11:03:58.933850+01:00,37369.5,0.00988081,3,37369.51,9.64400063,12
2021-02-05T11:04:04.113307+01:00,37373.46,1.57392957,5,37373.47,0.002,1
2021-02-05T11:04:09.265626+01:00,37389.78,0.11923975,2,37389.79,4.99808262,1
2021-02-05T11:04:14.549503+01:00,37378.51,0.5,1,37380.46,0.03068134,1
2021-02-05T11:04:19.717903+01:00,37373.34,0.53489127,1,37382.38,0.14281664,1
2021-02-05T11:04:25.175369+01:00,37369.24,0.056,1,37375.38,0.39,1
2021-02-05T11:04:30.350011+01:00,37372.23,0.056,1,37373.63,0.01973404,1
2021-02-05T11:04:35.783387+01:00,37374.47,0.51,2,37374.48,0.02222471,1
2021-02-05T11:04:40.992210+01:00,37375.5,0.025,1,37375.84,0.00445745,1
2021-02-05T11:04:46.771900+01:00,37381.93,0.80539972,2,37382.98,0.39,1
2021-02-05T11:04:52.661889+01:00,37376.33,0.1,1,37381.22,0.12107254,1
2021-02-05T11:04:58.468696+01:00,37381.53,0.22814185,1,37381.54,0.00023197,1
2021-02-05T11:05:03.895527+01:00,37385.87,0.801,1,37387.19,0.40522981,3
2021-02-05T11:05:09.081784+01:00,37385.87,0.11821,1,37385.88,3.8168925,2
2021-02-05T11:05:14.503307+01:00,37388.01,0.5,1,37390.62,0.6632219,1
2021-02-05T11:05:19.716075+01:00,37392.89,5.03476038,11,37392.9,3.76734876,2
2021-02-05T11:05:25.180769+01:00,37393.03,5.37689417,14,37393.04,0.096066,1
2021-02-05T11:05:30.397179+01:00,37392.82,0.025,1,37392.83,4.05829064,4
2021-02-05T11:05:35.595773+01:00,37385,0.79042491,4,37385.01,5.00485371,3
2021-02-05T11:05:40.794652+01:00,37383.28,0.22914185,2,37383.29,0.75172965,5
2021-02-05T11:05:46.614134+01:00,37383.28,0.71529705,2,37383.29,5.20586757,3
2021-02-05T11:05:52.376760+01:00,37389.78,4.05470775,11,37389.79,0.08,1
2021-02-05T11:05:57.530842+01:00,37399.48,3.77658202,3,37399.49,0.07986678,1
2021-02-05T11:06:02.967465+01:00,37399.96,3.45899441,5,37399.97,0.28358052,2
2021-02-05T11:06:08.532828+01:00,37412.38,0.21529705,1,37412.39,2.77905902,10
2021-02-05T11:06:13.962504+01:00,37404.26,0.06,1,37410.6,0.08349006,1
2021-02-05T11:06:19.733372+01:00,37401.54,0.06,1,37406.83,0.00227728,1
2021-02-05T11:06:25.507978+01:00,37403.66,0.11821,1,37403.67,0.01838662,1
2021-02-05T11:06:30.936323+01:00,37401.18,0.20779495,1,37404.02,0.13629484,1
2021-02-05T11:06:36.132831+01:00,37410.14,0.11821,1,37410.15,0.01177082,1
2021-02-05T11:06:41.563632+01:00,37404.72,0.04059269,1,37404.73,0.04547945,1
2021-02-05T11:06:46.993475+01:00,37404.53,0.19441805,1,37407.57,0.39,1
2021-02-05T11:06:52.552204+01:00,37412.4,0.19441805,1,37412.41,2.64566783,3
2021-02-05T11:06:57.981807+01:00,37412.4,0.69441805,2,37412.41,5.79541868,6
2021-02-05T11:07:03.435512+01:00,37402.71,0.08,1,37409.14,0.07697126,1
2021-02-05T11:07:08.604573+01:00,37409.89,0.5,1,37412.88,0.39,1
2021-02-05T11:07:14.139675+01:00,37414.77,0.04059269,1,37417.74,0.03930976,1
2021-02-05T11:07:19.584735+01:00,37426.36,1.10821,4,37426.37,0.06666798,1
2021-02-05T11:07:24.769309+01:00,37420.8,0.04059269,1,37425.21,0.7459881,4
2021-02-05T11:07:29.940639+01:00,37426.36,0.5,1,37426.37,0.05066798,1
2021-02-05T11:07:35.139894+01:00,37426.89,0.0122,1,37427.52,0.39,1
2021-02-05T11:07:40.580025+01:00,37422.49,0.5,1,37423.67,0.39,1
2021-02-05T11:07:46.010708+01:00,37421.89,0.0076056,2,37421.9,0.66804906,1
2021-02-05T11:07:51.545020+01:00,37420,0.09959921,1,37421.57,0.39,1
2021-02-05T11:07:56.709023+01:00,37423.93,0.42065788,2,37423.94,2.64170095,4
2021-02-05T11:08:01.901342+01:00,37421.88,0.08233027,1,37425.19,0.39,1
2021-02-05T11:08:07.688761+01:00,37418.86,0.01,1,37421.29,0.39,1
2021-02-05T11:08:13.239615+01:00,37413.62,0.39,1,37418.36,0.66807616,1
2021-02-05T11:08:18.407479+01:00,37409.79,0.00823377,1,37409.8,2.54,2
2021-02-05T11:08:24.200838+01:00,37409.79,0.00823377,1,37413.01,0.39,1
2021-02-05T11:08:29.613107+01:00,37410.76,0.0112592,1,37412.07,0.39,1
2021-02-05T11:08:34.802095+01:00,37423.66,0.00092054,1,37423.67,1.1489497,6
2021-02-05T11:08:40.615661+01:00,37423.66,0.00092054,1,37423.67,8.37592096,9
2021-02-05T11:08:45.784166+01:00,37418.34,0.00696633,1,37422.12,0.39,1
2021-02-05T11:08:51.616057+01:00,37428.36,6.1391249,10,37428.37,0.00208428,1
2021-02-05T11:08:56.780186+01:00,37428.96,0.39,1,37431.34,0.001,1
2021-02-05T11:09:02.306668+01:00,37432.28,0.01,1,37434.63,0.39,1
2021-02-05T11:09:07.847364+01:00,37409.32,1.27067073,1,37411.05,0.39,1
2021-02-05T11:09:13.620395+01:00,37402.13,0.54304082,2,37402.14,1.23020424,2
2021-02-05T11:09:19.401475+01:00,37400.49,0.0133688,1,37400.5,1.90116726,1
2021-02-05T11:09:24.810763+01:00,37402.13,0.89,2,37402.14,0.36731824,1
2021-02-05T11:09:30.601318+01:00,37416.06,0.39,1,37423.3,0.14200273,1
2021-02-05T11:09:35.787781+01:00,37427.91,0.08,1,37431.26,0.39,1
2021-02-05T11:09:41.575470+01:00,37427.9,0.8564,1,37427.91,3.16580261,4
2021-02-05T11:09:46.748516+01:00,37427.9,0.62838826,1,37427.91,0.89,2
2021-02-05T11:09:52.029296+01:00,37429.61,0.11821,1,37434.98,0.39,1
2021-02-05T11:09:57.449749+01:00,37437.65,0.01989477,2,37438.89,0.38582983,1
2021-02-05T11:10:02.904834+01:00,37440.5,0.00653874,1,37440.51,3.03742165,3
2021-02-05T11:10:08.462193+01:00,37427.01,0.03973619,2,37427.02,5,1
2021-02-05T11:10:13.924289+01:00,37427.34,0.39,1,37430.54,0.39,1
2021-02-05T11:10:19.487412+01:00,37436.35,0.00800771,1,37436.36,3.16156576,4
2021-02-05T11:10:24.670586+01:00,37428.53,0.02132938,1,37430.13,0.5,1
2021-02-05T11:10:30.200590+01:00,37430.22,0.00415564,1,37435.33,0.5,1
2021-02-05T11:10:35.628701+01:00,37434.21,0.01335676,1,37434.22,5,1
2021-02-05T11:10:41.421520+01:00,37435.02,0.39,1,37435.93,0.0862,1
2021-02-05T11:10:46.853758+01:00,37436.34,0.01,1,37440.06,0.39,1
2021-02-05T11:10:52.625837+01:00,37435.27,0.00415807,1,37437.76,0.014088,1
2021-02-05T11:10:57.787182+01:00,37431.56,0.4,2,37435.5,0.39,1
2021-02-05T11:11:03.232666+01:00,37428.73,0.5,1,37431.26,0.38946623,1
2021-02-05T11:11:08.647454+01:00,37428,0.02592884,1,37428.01,2.54,2
2021-02-05T11:11:14.485790+01:00,37428,0.02592884,1,37428.01,2.54,2
2021-02-05T11:11:19.660944+01:00,37428,0.00487335,1,37428.01,0.37171988,1
2021-02-05T11:11:24.843979+01:00,37428,0.0312034,3,37428.01,0.36977308,1
2021-02-05T11:11:30.633536+01:00,37433.14,0.079,1,37435.23,3.70137,1
2021-02-05T11:11:35.802382+01:00,37434.76,0.50821,2,37434.77,3.866676,2
2021-02-05T11:11:41.378194+01:00,37440.59,4.72120919,11,37440.6,2.24228228,1
2021-02-05T11:11:46.555336+01:00,37455.05,0.1,1,37455.06,3.04,3
2021-02-05T11:11:52.122956+01:00,37437.66,0.39,1,37440.47,0.08,1
2021-02-05T11:11:57.306588+01:00,37455.32,3.38178716,11,37455.33,0.03707957,1
2021-02-05T11:12:02.744815+01:00,37457.38,0.1,1,37460.21,0.311,1
2021-02-05T11:12:07.906155+01:00,37464.27,0.01,1,37465.75,0.39,1
2021-02-05T11:12:13.720962+01:00,37472.65,5.8774194,11,37472.66,4.99353707,1
2021-02-05T11:12:18.873127+01:00,37481.03,0.00004008,1,37481.04,1.97586062,11
2021-02-05T11:12:24.411666+01:00,37460.04,0.79309999,1,37468.52,0.39,1
2021-02-05T11:12:29.573836+01:00,37464.79,0.91621567,2,37467.66,0.02121407,1
2021-02-05T11:12:34.845689+01:00,37467.66,1.10821,4,37467.67,0.00260524,2
2021-02-05T11:12:40.005598+01:00,37481.85,4.97082156,13,37481.86,0.37878489,1
2021-02-05T11:12:45.659923+01:00,37491.35,0.1,1,37491.83,0.39,1
2021-02-05T11:12:51.188797+01:00,37483.19,0.79309999,1,37484.69,0.03583624,1
2021-02-05T11:12:56.678566+01:00,37488.6,0.0251586,1,37488.61,0.0862,1
2021-02-05T11:13:02.543498+01:00,37494.13,1.36695486,4,37494.14,3.4502134,1
2021-02-05T11:13:07.959308+01:00,37513.02,1.42870689,6,37513.03,1.398063,1
2021-02-05T11:13:13.263950+01:00,37509.09,0.06,1,37511.08,0.39,1
2021-02-05T11:13:18.428096+01:00,37516.28,1.05240226,3,37516.29,0.28363144,1
2021-02-05T11:13:23.706292+01:00,37516.22,0.00028443,1,37516.23,1.25069547,7
2021-02-05T11:13:29.486878+01:00,37516.22,0.00001627,1,37516.23,9.18835949,10
2021-02-05T11:13:34.656021+01:00,37488.6,0.24988328,2,37488.61,2.62523486,3
2021-02-05T11:13:39.843262+01:00,37485.32,0.1,1,37485.33,0.51270656,2
2021-02-05T11:13:45.433253+01:00,37473.1,3.48387191,3,37473.11,0.063592,1
2021-02-05T11:13:50.857025+01:00,37473.1,3.57855257,3,37473.11,2.16297534,2
2021-02-05T11:13:56.392637+01:00,37473.1,3.12474033,3,37473.11,3.05297534,4
2021-02-05T11:14:01.889511+01:00,37473.19,0.87968,2,37473.2,1.671579,2
2021-02-05T11:14:07.345347+01:00,37473.4,1.72944418,6,37473.41,3.75290863,1
2021-02-05T11:14:12.752310+01:00,37491.68,0.1,1,37491.69,2.72457433,3
2021-02-05T11:14:18.567375+01:00,37493.01,0.5,1,37499.88,0.39,1
2021-02-05T11:14:24.012640+01:00,37499.99,0.29569603,5,37500,2.76609112,4
2021-02-05T11:14:29.436252+01:00,37499.99,0.78527018,6,37500,0.08831728,1
2021-02-05T11:14:34.624306+01:00,37490.75,0.39,1,37493.5,0.39,1
2021-02-05T11:14:40.981101+01:00,37493.91,3.6942774,7,37493.92,0.01333549,1
2021-02-05T11:14:46.512420+01:00,37499.41,3.79451482,11,37499.42,0.0862,1
2021-02-05T11:14:51.942323+01:00,37506.47,0.01128876,2,37506.48,5.27270037,5
2021-02-05T11:14:57.116555+01:00,37507.59,0.11821,1,37507.6,0.44132178,1
2021-02-05T11:15:02.293364+01:00,37518.87,0.11821,1,37518.88,0.0862,1
2021-02-05T11:15:07.784987+01:00,37530.04,5.26214919,13,37530.05,0.00083782,1
2021-02-05T11:15:12.943489+01:00,37543.73,1.98699181,9,37543.74,0.001,1
2021-02-05T11:15:18.756293+01:00,37568.01,0.94795353,5,37568.02,0.0531948,1
2021-02-05T11:15:23.913175+01:00,37574.23,0.92149071,8,37574.24,0.01,1
2021-02-05T11:15:29.449727+01:00,37575.61,2.28909077,8,37575.62,0.04021248,1
2021-02-05T11:15:34.624229+01:00,37581.28,0.19127729,4,37581.29,5.00086742,2
2021-02-05T11:15:40.204068+01:00,37593.89,0.08,1,37594.61,0.02730946,1
2021-02-05T11:15:45.632173+01:00,37595.98,0.5,1,37595.99,0.02730946,1
2021-02-05T11:15:51.175303+01:00,37597.12,0.1,1,37601.95,0.01801387,1
2021-02-05T11:15:56.591837+01:00,37606.2,1.5001317,4,37606.21,5.0456621,2
2021-02-05T11:16:02.186151+01:00,37608.46,0.079,1,37611.22,0.39,1
2021-02-05T11:16:07.357316+01:00,37583.16,0.04044631,1,37583.17,3.02968,4
2021-02-05T11:16:13.148246+01:00,37564.37,0.08,1,37569.82,0.5,1
2021-02-05T11:16:18.338690+01:00,37561.86,0.20990287,2,37561.87,0.00504387,1
2021-02-05T11:16:23.895037+01:00,37553.09,0.07681135,1,37562.49,0.5,1
2021-02-05T11:16:29.465345+01:00,37561.87,0.8206025,5,37561.88,0.00459361,1
2021-02-05T11:16:34.619046+01:00,37546.74,0.04142267,1,37546.75,2.61129869,4
2021-02-05T11:16:40.167884+01:00,37577.99,0.5,1,37578.01,5,1
2021-02-05T11:16:45.602635+01:00,37605.52,0.08,1,37605.53,2.15,1
2021-02-05T11:16:51.146636+01:00,37606.3,0.1091383,1,37609.33,0.39,1
2021-02-05T11:16:56.567901+01:00,37598.72,0.38053022,2,37598.73,0.48346628,2
2021-02-05T11:17:02.035935+01:00,37598.72,0.00024628,1,37598.73,0.89,2
2021-02-05T11:17:07.229142+01:00,37581.9,0.004,1,37583.98,0.58312895,1
2021-02-05T11:17:13.027801+01:00,37582.23,0.004,1,37583.82,0.39,1
2021-02-05T11:17:18.209197+01:00,37589.86,0.39,1,37596.04,0.39,1
2021-02-05T11:17:23.989294+01:00,37603.53,5.1955201,9,37603.54,0.05409028,1
2021-02-05T11:17:29.555875+01:00,37619.03,0.48968,1,37623.28,0.00154777,1
2021-02-05T11:17:34.724306+01:00,37641.69,0.01588524,1,37642.34,0.01,1
2021-02-05T11:17:40.516910+01:00,37649.99,2.92808605,5,37650,0.0650528,1
2021-02-05T11:17:45.915200+01:00,37649.99,0.00031065,1,37650,4.23629391,11
2021-02-05T11:17:51.454230+01:00,37642.27,0.39,1,37647.33,0.39,1
2021-02-05T11:17:56.881749+01:00,37659.5,3.72975446,9,37659.51,0.01837702,4
2021-02-05T11:18:02.137250+01:00,37669.07,3.83251915,6,37669.08,0.00265469,1
2021-02-05T11:18:07.558556+01:00,37676.33,0.81,1,37676.34,3.96018484,3
2021-02-05T11:18:13.378285+01:00,37669.48,0.5,1,37670.25,0.13283361,2
2021-02-05T11:18:18.800454+01:00,37642.59,2.19799069,1,37642.64,3.417867,1
2021-02-05T11:18:24.366236+01:00,37642.63,0.025,1,37642.64,2.66011771,4
2021-02-05T11:18:29.576286+01:00,37633.18,0.39,1,37640.9,0.39,1
2021-02-05T11:18:35.006618+01:00,37648.97,2.37808015,5,37648.98,0.57008052,1
2021-02-05T11:18:40.948360+01:00,37656.51,0.33271462,2,37656.52,4.06700013,4
2021-02-05T11:18:46.745501+01:00,37647.48,0.0469763,2,37647.49,0.23723676,5
2021-02-05T11:18:51.918887+01:00,37647.48,0.9369763,4,37647.49,0.079,1
2021-02-05T11:18:57.361938+01:00,37644.72,0.00009655,1,37644.73,0.61970195,6
2021-02-05T11:19:02.562720+01:00,37638,5.11183343,7,37638.01,3.908392,1
2021-02-05T11:19:07.852479+01:00,37638.02,0.651,2,37638.05,0.03711,1
2021-02-05T11:19:13.384184+01:00,37638.93,0.39,1,37644.73,0.11276631,1
2021-02-05T11:19:18.545807+01:00,37647.48,4.81318481,9,37647.49,0.35876629,1
2021-02-05T11:19:24.106454+01:00,37657.75,0.48968,1,37657.76,0.090493,1
2021-02-05T11:19:29.533308+01:00,37663.2,0.19593483,1,37666.88,0.39,1
2021-02-05T11:19:34.717184+01:00,37645.92,0.01342109,1,37645.93,2.52381839,4
2021-02-05T11:19:39.906645+01:00,37646.08,5.46925682,6,37646.09,0.150744,2
2021-02-05T11:19:45.451390+01:00,37657.36,5.53774172,9,37657.37,3.80456228,1
2021-02-05T11:19:50.879027+01:00,37667.83,0.90342109,2,37667.84,3.39928883,10
2021-02-05T11:19:56.680655+01:00,37654.87,0.01737072,1,37656.52,0.11747039,1
2021-02-05T11:20:01.872379+01:00,37656.41,3.77747972,8,37656.42,0.0241928,1
2021-02-05T11:20:07.664266+01:00,37648.21,0.07188654,1,37648.22,2.71028202,6
2021-02-05T11:20:13.439638+01:00,37648.21,0.11798047,2,37648.22,0.39,1
2021-02-05T11:20:18.848871+01:00,37651.6,0.48968,1,37651.61,0.04917184,2
2021-02-05T11:20:24.618977+01:00,37650.08,0.48968,1,37650.09,3.64970816,2
2021-02-05T11:20:30.423680+01:00,37650.52,0.03067,1,37652.14,0.5,1
2021-02-05T11:20:35.581113+01:00,37652.52,0.87968,2,37652.53,0.160426,1
2021-02-05T11:20:41.115118+01:00,37649,0.39,1,37652.68,0.39,1
2021-02-05T11:20:46.265036+01:00,37649.57,0.025,1,37651.13,0.39,1
2021-02-05T11:20:51.805604+01:00,37645.57,0.00042021,1,37645.58,4.03717173,12
2021-02-05T11:20:56.977209+01:00,37645.57,0.00042021,1,37645.58,3.82485059,8
2021-02-05T11:21:02.340812+01:00,37639.15,0.01125552,1,37640.27,3.885113,1
2021-02-05T11:21:07.504148+01:00,37636.62,0.00262559,1,37639.02,0.001756,1
2021-02-05T11:21:13.046681+01:00,37636.72,0.14804047,1,37638.63,0.39,1
2021-02-05T11:21:18.486615+01:00,37636.72,0.00004047,1,37636.73,3.75867029,6
2021-02-05T11:21:24.285207+01:00,37616.57,0.03603808,1,37621.75,0.39,1
2021-02-05T11:21:29.714908+01:00,37624.62,0.62984441,3,37624.63,3.63896874,1
2021-02-05T11:21:34.929371+01:00,37625.2,0.00406298,1,37629.61,0.14890433,1
2021-02-05T11:21:40.694198+01:00,37636.72,0.0491379,1,37636.73,0.70952526,7
2021-02-05T11:21:46.475335+01:00,37637.47,0.92377846,2,37637.56,3.95834812,2
2021-02-05T11:21:51.641743+01:00,37639.18,0.66399901,1,37640.26,0.09494997,1
2021-02-05T11:21:56.808171+01:00,37629.34,0.00049846,1,37629.35,1.36125656,7
2021-02-05T11:22:02.315804+01:00,37624.71,0.00039947,1,37624.72,1.50205201,7
2021-02-05T11:22:07.475911+01:00,37624.71,0.00039947,1,37624.72,3.30421237,10
2021-02-05T11:22:13.276121+01:00,37607.05,0.00422061,1,37607.06,0.03656466,1
2021-02-05T11:22:18.733973+01:00,37599.73,0.5,1,37600.84,0.39,1
2021-02-05T11:22:24.293306+01:00,37603.42,0.01350857,1,37603.43,0.21541159,3
2021-02-05T11:22:29.712443+01:00,37606.06,6.08237314,11,37606.07,0.06766688,1
2021-02-05T11:22:34.932557+01:00,37606.06,6.29019492,8,37606.07,0.05299417,1
2021-02-05T11:22:40.732769+01:00,37622.68,1.72888729,6,37622.69,0.17887453,2
2021-02-05T11:22:46.548955+01:00,37622.83,4.54408449,9,37622.84,3.930762,3
2021-02-05T11:22:51.964509+01:00,37624.71,4.18501737,8,37624.72,1.11859592,2
2021-02-05T11:22:57.815430+01:00,37630.1,0.1,1,37630.11,3.05265751,5
2021-02-05T11:23:03.012853+01:00,37611.95,0.66438574,1,37616.8,0.39,1
2021-02-05T11:23:08.565433+01:00,37598.94,0.16180528,1,37598.95,3.09776422,8
2021-02-05T11:23:13.969927+01:00,37596.03,0.17181027,2,37596.04,2.81828438,4
2021-02-05T11:23:19.526064+01:00,37583.37,0.5,1,37589.2,0.39,1
2021-02-05T11:23:24.979814+01:00,37590.56,1.08968,3,37590.57,0.02598036,1
2021-02-05T11:23:30.414764+01:00,37598.74,1.72685728,4,37598.75,0.09420943,1
2021-02-05T11:23:35.642529+01:00,37598.93,2.01499527,9,37599,3.96925477,3
2021-02-05T11:23:41.437106+01:00,37599.11,2.90556263,9,37599.12,0.21512321,2
2021-02-05T11:23:46.848950+01:00,37603.03,0.42959766,2,37605.23,0.15356012,1
2021-02-05T11:23:52.387722+01:00,37618.22,2.0456188,6,37618.23,3.920375,1
2021-02-05T11:23:57.805403+01:00,37618.34,0.10085934,2,37618.35,0.02322311,1
2021-02-05T11:24:03.379601+01:00,37612.13,0.8005364,1,37612.14,3.29420775,7
2021-02-05T11:24:08.561461+01:00,37593.25,0.0026,1,37593.26,0.42689064,4
2021-02-05T11:24:13.990402+01:00,37593.34,2.06575771,6,37593.35,0.01,1
2021-02-05T11:24:19.893968+01:00,37589.6,0.01024415,1,37592.73,0.34277242,1
2021-02-05T11:24:25.411344+01:00,37588.22,3.25761079,6,37588.23,0.05268288,2
2021-02-05T11:24:30.576952+01:00,37601.05,5.17687697,11,37601.06,3.880337,1
2021-02-05T11:24:36.051322+01:00,37601.19,2.28977255,8,37601.2,3.85235487,1
2021-02-05T11:24:41.474539+01:00,37601.27,3.20857424,10,37601.28,0.180801,1
2021-02-05T11:24:47.060666+01:00,37601.27,0.01,1,37601.28,0.89,2
2021-02-05T11:24:52.210197+01:00,37601.44,0.081,1,37601.45,1.25286328,6
2021-02-05T11:24:57.773262+01:00,37596.94,0.00551064,1,37599.52,0.39,1
2021-02-05T11:25:03.625091+01:00,37613.34,0.1,1,37613.37,0.5,1
2021-02-05T11:25:09.421973+01:00,37610.38,0.00008523,1,37610.39,1.86025371,18
2021-02-05T11:25:14.846564+01:00,37610.38,0.00008523,1,37610.39,9.1754249,20
2021-02-05T11:25:20.390242+01:00,37581.29,0.001,1,37584.02,0.07544447,1
2021-02-05T11:25:25.564002+01:00,37566.48,0.39,1,37569.59,0.13176449,1
2021-02-05T11:25:30.994113+01:00,37564.71,0.61821,2,37564.72,0.15604236,1
2021-02-05T11:25:36.538244+01:00,37555.41,0.39,1,37562.8,0.39,1
2021-02-05T11:25:41.973079+01:00,37554.97,0.00154534,1,37557.74,0.07868028,1
2021-02-05T11:25:47.532201+01:00,37552.14,0.00154534,1,37554.9,0.04662209,1
2021-02-05T11:25:52.713834+01:00,37551.45,0.14000539,2,37556.33,0.39,1
2021-02-05T11:25:58.012820+01:00,37556.95,0.76543744,2,37556.96,0.07399823,1
2021-02-05T11:26:03.309348+01:00,37553.15,1.16550301,2,37555.43,0.39,1
2021-02-05T11:26:08.482848+01:00,37555.66,7.21502738,13,37555.67,2.27751667,3
2021-02-05T11:26:14.298815+01:00,37555.83,0.597,2,37555.91,2.806183,1
2021-02-05T11:26:19.453518+01:00,37565.33,0.15,2,37565.34,0.845667,1
2021-02-05T11:26:25.023954+01:00,37565.49,3.60394295,10,37565.5,0.83329646,1
2021-02-05T11:26:30.433911+01:00,37580.39,0.11821,3,37580.4,2.59,2
2021-02-05T11:26:35.893319+01:00,37580.55,0.738,4,37580.56,0.013106,1
2021-02-05T11:26:41.494351+01:00,37580.72,0.66221397,6,37580.73,3.831993,1
2021-02-05T11:26:46.924297+01:00,37580.96,5.94384474,12,37580.97,0.76666845,3
2021-02-05T11:26:52.460298+01:00,37581.04,0.44605716,5,37581.05,2.28959718,2
2021-02-05T11:26:57.879598+01:00,37581.18,0.43746952,6,37581.19,2.38126387,2
2021-02-05T11:27:03.131311+01:00,37589.69,0.026666,1,37589.7,2.80456608,4
2021-02-05T11:27:08.550451+01:00,37565.67,0.11821,1,37570.88,0.14011197,1
2021-02-05T11:27:14.087462+01:00,37560.92,0.12861348,1,37566.09,0.39,1
2021-02-05T11:27:19.519375+01:00,37562.23,4.66041733,12,37562.24,3.83969503,2
2021-02-05T11:27:24.808007+01:00,37577.74,4.5348025,10,37577.75,1.483144,2
2021-02-05T11:27:29.974653+01:00,37580.59,0.22470841,3,37580.6,2.94148995,4
2021-02-05T11:27:35.150056+01:00,37586.37,0.0146429,2,37586.38,2.7158858,4
2021-02-05T11:27:40.320621+01:00,37586.37,0.0396429,3,37586.38,2.58616799,2
2021-02-05T11:27:46.100455+01:00,37565.85,0.66938068,2,37565.86,1.05,1
2021-02-05T11:27:51.507371+01:00,37560.29,0.1256224,1,37560.3,2.64,2
2021-02-05T11:27:56.788199+01:00,37560.29,0.23016765,4,37560.3,2.06409,1
2021-02-05T11:28:01.962412+01:00,37560.35,0.11791027,2,37560.36,2.87651083,4
2021-02-05T11:28:07.753788+01:00,37560.35,0.19591027,3,37560.36,2.54946461,4
2021-02-05T11:28:13.578118+01:00,37573.29,0.0001448,1,37573.3,3.40845564,7
2021-02-05T11:28:18.764049+01:00,37582.49,0.1003881,2,37582.5,4.99872859,1
2021-02-05T11:28:24.577416+01:00,37583.81,0.11561648,2,37583.82,0.02400591,1
2021-02-05T11:28:30.153397+01:00,37586.37,0.08,1,37586.38,2.88423976,5
2021-02-05T11:28:35.311263+01:00,37586.37,0.10178873,2,37586.38,0.32329186,5
2021-02-05T11:28:40.828030+01:00,37586.37,0.05662199,1,37586.38,2.30432677,3
2021-02-05T11:28:46.384030+01:00,37586.37,0.13049797,2,37586.43,0.02909,2
2021-02-05T11:28:51.552640+01:00,37572.36,0.13,1,37574.16,0.110453,1
2021-02-05T11:28:56.964451+01:00,37546.74,0.00000446,1,37546.75,1.55119796,8
2021-02-05T11:29:02.470985+01:00,37546.86,1.24997443,2,37546.87,0.04033561,1
2021-02-05T11:29:07.898095+01:00,37547.16,7.37528403,11,37547.17,1.7162498,2
2021-02-05T11:29:13.699246+01:00,37547.28,0.7167355,8,37547.29,1.586496,2
2021-02-05T11:29:19.491100+01:00,37547.46,1.66385186,6,37547.47,2.51972,3
2021-02-05T11:29:24.888176+01:00,37547.64,0.84519809,4,37547.65,1.51607828,1
2021-02-05T11:29:30.181139+01:00,37547.76,2.1019449,11,37547.77,1.78922171,1
2021-02-05T11:29:35.332623+01:00,37546.75,1.62547451,5,37546.76,3.45495199,8
2021-02-05T11:29:41.149152+01:00,37546.76,0.05,1,37546.77,3.07612102,6
2021-02-05T11:29:46.305517+01:00,37546.75,1.57547451,4,37546.76,3.48428817,8
2021-02-05T11:29:52.068277+01:00,37546.75,1.58345015,5,37546.76,2.78733887,3
2021-02-05T11:29:57.477128+01:00,37560.22,0.39,1,37563.78,0.110757,1
2021-02-05T11:30:02.681308+01:00,37548.48,0.12667972,1,37553.8,0.39,1
2021-02-05T11:30:08.485369+01:00,37546.75,0.4078438,3,37546.76,2.82052769,6
2021-02-05T11:30:13.889132+01:00,37546.81,0.99150173,5,37546.82,0.009081,1
2021-02-05T11:30:19.696668+01:00,37546.87,0.0077679,2,37546.88,2.94619305,4
2021-02-05T11:30:25.515335+01:00,37548.47,0.09560955,4,37548.48,4.11967037,7
2021-02-05T11:30:30.735457+01:00,37549.28,1.88159436,10,37549.29,3.62730992,1
2021-02-05T11:30:36.018500+01:00,37549.52,6.73321673,11,37549.53,0.113943,1
2021-02-05T11:30:41.192495+01:00,37565.45,0.18,2,37565.46,2.88084107,3
2021-02-05T11:30:46.647267+01:00,37565.45,0.02995469,2,37565.46,3.05285,6
2021-02-05T11:30:52.488917+01:00,37560.75,0.08,1,37563.53,0.5,1
2021-02-05T11:30:57.896806+01:00,37548.33,0.13244878,2,37548.34,1.06731834,3
2021-02-05T11:31:03.113986+01:00,37546.75,0.79162168,3,37546.76,2.5755216,3
2021-02-05T11:31:08.278064+01:00,37518.51,0.0015463,1,37518.52,2.81121114,5
2021-02-05T11:31:14.118543+01:00,37503.35,0.02552148,1,37503.36,1.84440858,5
2021-02-05T11:31:19.525401+01:00,37490.98,0.11821,1,37490.99,0.39,1
2021-02-05T11:31:25.331663+01:00,37489.34,0.21821,2,37489.35,0.068741,1
2021-02-05T11:31:30.767847+01:00,37485.67,0.03,2,37485.68,0.52032671,1
2021-02-05T11:31:35.947719+01:00,37485.67,0.03258815,3,37485.68,0.43553382,2
2021-02-05T11:31:41.486585+01:00,37479.33,0.00004617,1,37479.34,2.85927229,7
2021-02-05T11:31:46.909738+01:00,37456.7,0.0467304,1,37456.73,0.01,1
2021-02-05T11:31:52.707133+01:00,37443.79,0.0009552,1,37443.8,3.25927488,8
2021-02-05T11:31:58.500891+01:00,37443.79,0.00250509,2,37443.8,3.61499077,6
2021-02-05T11:32:03.681228+01:00,37447.55,0.5,1,37448.64,0.39,1
2021-02-05T11:32:09.464496+01:00,37461.68,0.1,1,37461.69,2.8513558,4
2021-02-05T11:32:14.890216+01:00,37476.9,0.39,1,37479.25,0.8,1
2021-02-05T11:32:20.441634+01:00,37461.39,0.48968,1,37466.26,0.39,1
2021-02-05T11:32:25.598506+01:00,37469.04,0.00154901,1,37470.24,0.788,1
2021-02-05T11:32:31.076807+01:00,37470.6,0.13,1,37471.92,0.39,1
2021-02-05T11:32:36.517046+01:00,37472.2,0.12877441,1,37472.21,2.76271487,3
2021-02-05T11:32:42.155649+01:00,37477.49,0.12130326,1,37477.5,0.11821,1
2021-02-05T11:32:47.309219+01:00,37487.22,1.70478494,7,37487.23,0.06467374,1
2021-02-05T11:32:53.091019+01:00,37483.69,0.0142406,1,37483.7,0.04420514,1
2021-02-05T11:32:58.254843+01:00,37488.33,0.00476687,2,37488.34,2.9019876,4
2021-02-05T11:33:03.727582+01:00,37488.33,0.00476687,2,37488.34,3.34692205,6
2021-02-05T11:33:08.890759+01:00,37488.95,0.5,1,37492.96,0.66672876,1
2021-02-05T11:33:14.461517+01:00,37502.91,0.13,1,37504.24,0.5,1
2021-02-05T11:33:19.872980+01:00,37506.5,0.01,1,37506.51,2.77438769,5
2021-02-05T11:33:25.402822+01:00,37496.93,0.39,1,37506.42,0.5,1
2021-02-05T11:33:30.658891+01:00,37512.56,3.73205561,9,37512.57,0.056575,2
2021-02-05T11:33:35.886427+01:00,37537.45,3.92020058,9,37537.46,0.00154934,1
2021-02-05T11:33:41.683252+01:00,37537.65,4.2372718,11,37537.66,3.14231499,1
2021-02-05T11:33:46.861644+01:00,37536.53,0.08,1,37537.88,0.04471251,1
2021-02-05T11:33:52.443218+01:00,37527.41,0.39,1,37529.77,0.067091,1
2021-02-05T11:33:57.885469+01:00,37526.06,0.65714255,5,37526.07,0.08408824,2
2021-02-05T11:34:03.060852+01:00,37526.06,2.60124447,2,37526.07,0.20353849,6
2021-02-05T11:34:08.228195+01:00,37521.23,2.52124447,1,37521.24,3.20619476,4
2021-02-05T11:34:13.746359+01:00,37515.7,2.52124447,1,37515.71,2.82075996,5
2021-02-05T11:34:19.556961+01:00,37499.07,1.59789,5,37499.08,0.010877,1
2021-02-05T11:34:24.980124+01:00,37510.1,6.95885805,11,37510.11,3.6,1
2021-02-05T11:34:30.438737+01:00,37504.68,0.00083372,1,37504.69,3.01725684,9
2021-02-05T11:34:35.888985+01:00,37489.89,0.08,1,37489.9,2.82026263,4
2021-02-05T11:34:41.409639+01:00,37476.46,0.2726,1,37478.22,0.39,1
2021-02-05T11:34:46.809449+01:00,37463.31,0.00414064,1,37469.08,0.06237795,3
2021-02-05T11:34:52.081847+01:00,37478.19,0.08698594,1,37482.38,0.39,1
2021-02-05T11:34:57.497549+01:00,37494.23,1.11867909,5,37494.24,0.02840751,1
2021-02-05T11:35:02.748894+01:00,37482.1,0.08,1,37482.97,0.04372651,1
2021-02-05T11:35:07.907748+01:00,37472.34,0.0408452,1,37476.41,0.39,1
2021-02-05T11:35:13.182726+01:00,37466.85,0.09584863,1,37469.84,0.39,1
2021-02-05T11:35:18.600103+01:00,37494.23,1.48588089,8,37494.24,0.01728408,1
2021-02-05T11:35:24.188244+01:00,37506.19,0.08,1,37506.3,0.04157927,1
2021-02-05T11:35:29.612884+01:00,37509.99,1.3470367,8,37510,0.32456037,1
2021-02-05T11:35:34.785437+01:00,37527.81,1.20147171,11,37527.82,0.00310248,1
2021-02-05T11:35:40.595369+01:00,37533.65,0.08,1,37533.66,0.06409622,1
2021-02-05T11:35:46.000777+01:00,37534.6,0.0813378,2,37534.61,2.64,2
2021-02-05T11:35:51.667659+01:00,37508.6,0.5,1,37513.69,0.00538039,1
2021-02-05T11:35:57.484678+01:00,37494.17,0.133986,1,37499.53,0.02830728,1
2021-02-05T11:36:02.698533+01:00,37504.8,0.06747686,2,37504.81,0.03806002,1
2021-02-05T11:36:08.256174+01:00,37504.8,1.07389578,7,37504.81,0.03681258,1
2021-02-05T11:36:13.411016+01:00,37524.35,0.08,1,37524.36,2.64,2
2021-02-05T11:36:19.191082+01:00,37511.67,0.02370652,1,37514.74,0.38525527,1
2021-02-05T11:36:24.353144+01:00,37510.71,0.39,1,37518.28,0.5,1
2021-02-05T11:36:29.554245+01:00,37517.32,0.079,1,37519.15,0.39,1
2021-02-05T11:36:35.195827+01:00,37506.34,0.39,1,37509.29,0.0041617,1
2021-02-05T11:36:40.627186+01:00,37506.01,0.02871192,1,37507.43,0.39,1
2021-02-05T11:36:46.434714+01:00,37520.32,0.08,1,37520.62,0.39,1
2021-02-05T11:36:51.925390+01:00,37516.62,0.72,1,37518.62,0.01926574,1
2021-02-05T11:36:57.459382+01:00,37516.04,0.1,1,37520.55,0.39,1
2021-02-05T11:37:02.900008+01:00,37512.61,0.25959576,2,37515.44,0.39,1
2021-02-05T11:37:08.081641+01:00,37512.94,0.39,1,37517.44,0.39,1
2021-02-05T11:37:13.246028+01:00,37520.97,0.18085178,2,37523.46,0.38346689,1
2021-02-05T11:37:18.686014+01:00,37520.97,0.17559576,1,37523.45,0.3044272,1
2021-02-05T11:37:24.224781+01:00,37531.72,0.17559576,1,37531.73,0.44768308,2
2021-02-05T11:37:29.422309+01:00,37525.3,0.25417616,2,37525.31,2.74042051,4
2021-02-05T11:37:34.620378+01:00,37516.48,0.39,1,37520.61,0.3850887,1
2021-02-05T11:37:39.787442+01:00,37518.3,0.078,1,37524.12,0.50792032,4
2021-02-05T11:37:45.318697+01:00,37522.5,0.17559576,1,37525.29,0.44304617,1
2021-02-05T11:37:50.482043+01:00,37537.34,0.5,1,37542.56,0.5,1
2021-02-05T11:37:56.245802+01:00,37536.11,0.39,1,37542.53,0.10426684,1
2021-02-05T11:38:01.664547+01:00,37535.48,0.39,1,37543.48,0.28366959,1
2021-02-05T11:38:06.903087+01:00,37524.42,0.25638004,3,37524.43,3.04534407,10
2021-02-05T11:38:12.078522+01:00,37524.42,0.17559576,1,37524.43,2.39720178,5
2021-02-05T11:38:17.273710+01:00,37524.42,0.17559576,1,37524.86,0.28234404,1
2021-02-05T11:38:22.814857+01:00,37524.42,0.17559576,1,37530.09,0.66607298,1
2021-02-05T11:38:28.663228+01:00,37524.43,0.01457482,1,37524.44,2.21567476,1
2021-02-05T11:38:33.814994+01:00,37515.35,0.5,1,37519.16,0.03715141,1
2021-02-05T11:38:39.633930+01:00,37502.36,0.13,1,37508.09,0.01654352,1
2021-02-05T11:38:44.789575+01:00,37501.05,0.07959049,1,37505.14,0.1,1
2021-02-05T11:38:50.326708+01:00,37503.47,0.39,1,37507.15,0.04260204,1
2021-02-05T11:38:55.765797+01:00,37504.29,0.97662688,3,37504.3,0.09267726,1
2021-02-05T11:39:01.411433+01:00,37500.26,0.00045422,1,37500.27,7.97608571,7
2021-02-05T11:39:06.811410+01:00,37500.26,0.00045422,1,37500.27,2.3443363,3
2021-02-05T11:39:12.588126+01:00,37500.26,0.00045422,1,37500.27,2.30527576,2
2021-02-05T11:39:17.997020+01:00,37506.71,0.07677618,1,37509.64,0.38872611,1
2021-02-05T11:39:23.781540+01:00,37506.45,0.1,1,37511.73,0.05055208,1
2021-02-05T11:39:29.590487+01:00,37506.23,0.06757383,1,37509.63,0.39,1
2021-02-05T11:39:34.765379+01:00,37486.8,0.00545,1,37486.81,2.80366221,6
2021-02-05T11:39:40.609568+01:00,37480.57,0.005,1,37480.58,3.33904326,7
2021-02-05T11:39:45.776588+01:00,37480.57,0.1764708,1,37480.58,8.99049103,10
2021-02-05T11:39:51.585144+01:00,37475,0.17846765,2,37475.01,0.43789756,2
2021-02-05T11:39:57.399519+01:00,37480.14,0.58398565,4,37480.15,4.98866061,1
2021-02-05T11:40:02.593600+01:00,37503.11,0.11821,1,37503.12,5,1
2021-02-05T11:40:08.133777+01:00,37499.43,0.1764708,1,37501.35,0.61005902,1
2021-02-05T11:40:13.558731+01:00,37500.39,0.0015,1,37504.12,5,1
2021-02-05T11:40:19.375953+01:00,37499.43,0.09340916,1,37499.44,0.58010669,2
2021-02-05T11:40:24.775577+01:00,37514.85,0.09498825,1,37514.86,0.66383498,1
2021-02-05T11:40:29.971181+01:00,37509.82,0.08136248,1,37513.57,0.021334,1
2021-02-05T11:40:35.783984+01:00,37514.85,0.00321226,1,37514.86,5.66128413,2
2021-02-05T11:40:40.960425+01:00,37516.18,0.09062968,2,37518.17,0.65001548,1
2021-02-05T11:40:46.493077+01:00,37516.18,0.08741754,1,37516.19,2.25,1
2021-02-05T11:40:51.920210+01:00,37516.18,0.08563249,1,37519.65,0.021334,1
2021-02-05T11:40:57.713812+01:00,37516.48,0.08927388,1,37519.94,0.66630891,1
2021-02-05T11:41:03.258015+01:00,37520.38,0.08309078,1,37520.39,0.01,1
2021-02-05T11:41:08.681476+01:00,37533.4,0.08563249,1,37538.91,0.5,1
2021-02-05T11:41:13.869503+01:00,37512.7,0.09013093,1,37533.41,4.49881745,11
2021-02-05T11:41:19.664469+01:00,37514.07,1.11155753,6,37514.08,0.08939194,1
2021-02-05T11:41:24.836454+01:00,37514.07,1.08499262,10,37514.08,0.08107349,2
2021-02-05T11:41:30.264142+01:00,37540.83,0.00101406,1,37540.84,2.64857294,3
2021-02-05T11:41:35.432272+01:00,37542.75,0.01617088,4,37542.76,2.64971936,4
2021-02-05T11:41:40.971799+01:00,37542.75,0.00532799,1,37542.76,3.58069481,8
2021-02-05T11:41:46.515686+01:00,37528.7,0.05513176,1,37528.71,2.74,4
2021-02-05T11:41:51.936701+01:00,37517.37,0.05812529,1,37523.22,0.1,1
2021-02-05T11:41:57.473426+01:00,37518.15,0.08221276,1,37519.98,0.1,1
2021-02-05T11:42:02.897100+01:00,37519.38,0.05089132,1,37521.13,0.05296604,1
2021-02-05T11:42:08.703975+01:00,37521.67,0.0901317,1,37525.95,0.38734777,1
2021-02-05T11:42:14.221691+01:00,37539.73,0.39,1,37544.34,0.02801854,1
2021-02-05T11:42:19.405915+01:00,37520.29,0.5,1,37529.08,0.39,1
2021-02-05T11:42:24.966595+01:00,37528.05,0.53669306,3,37528.06,0.09300882,1
2021-02-05T11:42:30.259523+01:00,37523.72,0.5,1,37526.5,0.1,1
2021-02-05T11:42:35.428386+01:00,37526.52,1.13087044,1,37527.39,0.39,1
2021-02-05T11:42:40.608549+01:00,37520.92,0.58984014,3,37520.93,0.1,1
2021-02-05T11:42:46.045974+01:00,37529.45,0.39,1,37535.36,0.03808514,1
2021-02-05T11:42:51.233711+01:00,37526.99,0.21201981,2,37527,5.06010244,4
2021-02-05T11:42:56.644292+01:00,37524.56,0.20701981,1,37524.57,8.92138868,11
2021-02-05T11:43:02.089066+01:00,37500.44,0.13993753,1,37513.99,0.14740032,2
2021-02-05T11:43:07.253365+01:00,37498.53,0.002,1,37502.86,0.08052888,1
2021-02-05T11:43:13.062117+01:00,37514.08,0.1,1,37515.81,0.05030525,1
2021-02-05T11:43:18.483290+01:00,37534.53,0.11821,1,37534.54,0.52698337,2
2021-02-05T11:43:24.011192+01:00,37540.44,0.02573665,1,37542.37,0.5,1
2021-02-05T11:43:29.587754+01:00,37516.94,0.11821,1,37522.23,0.39,1
2021-02-05T11:43:34.832264+01:00,37521.22,0.078,1,37521.23,4.9000668,7
2021-02-05T11:43:40.445496+01:00,37507.17,0.39,1,37516.32,0.11821,4
2021-02-05T11:43:45.605026+01:00,37505.91,0.01500035,1,37509.75,0.1,1
2021-02-05T11:43:51.438810+01:00,37509.98,0.44842402,2,37509.99,4.75030618,4
2021-02-05T11:43:56.598826+01:00,37509.98,0.01305669,1,37509.99,10.57288943,9
2021-02-05T11:44:02.211335+01:00,37512.15,0.11821,1,37526.64,0.03008008,1
2021-02-05T11:44:07.652736+01:00,37515.88,0.39,1,37526.56,0.11821,3
2021-02-05T11:44:13.105526+01:00,37521.86,0.5,1,37524.59,5,1
2021-02-05T11:44:18.288325+01:00,37522.36,0.02892422,1,37526.85,0.04753087,1
2021-02-05T11:44:24.227413+01:00,37515.41,0.5,1,37522.41,0.1,1
2021-02-05T11:44:29.676810+01:00,37522.29,0.00532034,1,37522.3,0.09642998,1
2021-02-05T11:44:34.860678+01:00,37522.29,1.00821,5,37522.3,0.07579176,1
2021-02-05T11:44:40.378742+01:00,37518.71,0.0901317,1,37524.25,0.11821,1
2021-02-05T11:44:45.552483+01:00,37518.47,0.00532034,1,37518.48,0.0413308,1
2021-02-05T11:44:51.019208+01:00,37520.09,0.07266683,2,37526.08,4.65564898,2
2021-02-05T11:44:56.448656+01:00,37537.8,0.39,1,37542.59,0.39,1
2021-02-05T11:45:01.934610+01:00,37524.85,0.00064956,1,37524.86,4.77613648,7
2021-02-05T11:45:07.550270+01:00,37501.46,0.12821,3,37501.47,2.35,2
2021-02-05T11:45:12.747225+01:00,37482.92,0.077,1,37484.08,0.1,1
2021-02-05T11:45:18.548320+01:00,37468.77,0.001,1,37468.78,2.53034694,4
2021-02-05T11:45:23.975706+01:00,37466.37,0.003,1,37466.38,4.95512138,8
2021-02-05T11:45:29.780281+01:00,37454.97,0.39,1,37466.28,0.11821,1
2021-02-05T11:45:34.942948+01:00,37443.54,0.09631815,3,37443.55,0.8,1
2021-02-05T11:45:40.637856+01:00,37442.43,0.39,1,37456.15,0.2,2
2021-02-05T11:45:45.804481+01:00,37445.47,0.50821,3,37445.48,0.1,1
2021-02-05T11:45:51.248381+01:00,37440.29,0.00154972,1,37440.3,2.90467585,2
2021-02-05T11:45:56.413747+01:00,37440.4,0.18778544,1,37443.17,2.5533617,2
2021-02-05T11:46:01.988093+01:00,37432.74,0.39,1,37439.82,0.53421425,1
2021-02-05T11:46:07.589068+01:00,37464.91,0.39,1,37469.74,0.5,1
2021-02-05T11:46:12.997510+01:00,37443.06,0.5,1,37450.27,0.09999084,2
2021-02-05T11:46:18.859684+01:00,37451.74,0.59213928,3,37451.75,0.44413859,1
2021-02-05T11:46:24.641661+01:00,37437.86,0.0901317,1,37445.6,2.30477015,1
2021-02-05T11:46:29.805141+01:00,37437,0.66454652,1,37437.01,2.69818763,6
2021-02-05T11:46:35.001941+01:00,37437,0.66306515,2,37437.01,7.63461554,4
2021-02-05T11:46:40.786040+01:00,37426,0.11042424,2,37428.06,0.1,1
2021-02-05T11:46:46.228339+01:00,37423.73,0.03271607,1,37424.22,2.11157761,2
2021-02-05T11:46:51.395477+01:00,37426.27,0.39,1,37433.7,0.026,1
2021-02-05T11:46:56.703863+01:00,37409.2,0.48968,1,37417.56,0.11821,6
2021-02-05T11:47:02.138395+01:00,37415.2,0.39,1,37420.01,2.37461167,1
2021-02-05T11:47:07.559648+01:00,37407.36,0.005,1,37407.37,4.84020841,6
2021-02-05T11:47:13.158045+01:00,37415.45,3.81299908,5,37415.46,0.3843578,1
2021-02-05T11:47:18.364461+01:00,37440.65,0.5,1,37443.92,0.306,1
2021-02-05T11:47:23.902853+01:00,37438.56,0.09958649,2,37443.92,1.41429077,1
2021-02-05T11:47:29.491057+01:00,37438.98,0.60789,5,37438.99,0.36455964,1
2021-02-05T11:47:34.647090+01:00,37438.7,0.39,1,37444.22,0.38856,1
2021-02-05T11:47:39.835236+01:00,37455,0.39,1,37458.18,2.53175509,1
2021-02-05T11:47:45.013112+01:00,37461.23,0.02823042,1,37461.24,2.81298416,4
2021-02-05T11:47:50.460901+01:00,37467.88,0.39,1,37472.15,0.17363432,1
2021-02-05T11:47:55.873705+01:00,37474.68,0.39,1,37479.65,5,1
2021-02-05T11:48:01.342119+01:00,37479.61,0.61821,3,37479.62,0.056,1
2021-02-05T11:48:06.539499+01:00,37485.58,0.05153172,1,37492.98,0.42264107,2
2021-02-05T11:48:12.121756+01:00,37500.51,0.39,1,37500.52,0.04446609,1
2021-02-05T11:48:17.540752+01:00,37512.63,0.05215081,1,37512.64,2.27084491,5
2021-02-05T11:48:23.342325+01:00,37492.6,0.11168784,1,37495.53,0.0064,1
2021-02-05T11:48:28.515316+01:00,37485.57,0.00020923,1,37485.58,2.69058413,10
2021-02-05T11:48:33.956170+01:00,37455.62,0.03423862,1,37467.22,0.35455288,1
2021-02-05T11:48:39.520965+01:00,37457.4,0.89,2,37457.41,0.138,2
2021-02-05T11:48:44.945761+01:00,37467.51,0.39,1,37472.17,0.0364,1
2021-02-05T11:48:50.738173+01:00,37464.18,0.05257539,1,37464.19,3.99917272,7
2021-02-05T11:48:55.900120+01:00,37447.26,0.06229668,1,37449.11,0.03636594,1
2021-02-05T11:49:01.491037+01:00,37441.67,0.4030642,1,37441.68,0.11821,3
2021-02-05T11:49:06.897841+01:00,37428.48,0.005,1,37428.49,3.34739083,7
2021-02-05T11:49:12.696658+01:00,37416.04,0.5,1,37425.9,4.48367322,11
2021-02-05T11:49:18.503725+01:00,37427.94,0.5,1,37430.87,0.0286,1
2021-02-05T11:49:23.909176+01:00,37437.03,0.09764409,1,37437.91,0.0259,1
2021-02-05T11:49:29.433917+01:00,37447.67,0.39,1,37450.44,0.0243,1
2021-02-05T11:49:34.591613+01:00,37448.41,0.39,1,37450.98,0.20077584,2
2021-02-05T11:49:40.385075+01:00,37451.24,3.41705036,5,37451.25,0.00982688,1
2021-02-05T11:49:45.556856+01:00,37456.32,0.76043973,5,37456.33,0.44152695,2
2021-02-05T11:49:51.363520+01:00,37461.05,0.39,1,37463.07,0.0189,1
2021-02-05T11:49:56.793478+01:00,37483.57,1.16615487,6,37483.58,0.018,1
2021-02-05T11:50:02.321111+01:00,37479.59,0.39,1,37488.13,0.5,1
2021-02-05T11:50:07.762076+01:00,37495.58,0.49721197,3,37495.6,0.0166,1
2021-02-05T11:50:13.558052+01:00,37493.12,0.0748835,1,37493.13,1.75684618,4
2021-02-05T11:50:18.978238+01:00,37493.1,0.08017735,2,37493.11,2.4518735,5
2021-02-05T11:50:24.396443+01:00,37493.1,0.07776485,2,37493.11,0.94238983,5
2021-02-05T11:50:29.572732+01:00,37498.59,0.46134363,2,37502.16,0.0143,1
2021-02-05T11:50:35.030598+01:00,37513.47,0.00693703,1,37516.23,0.014,1
2021-02-05T11:50:40.448558+01:00,37499,0.04058388,1,37499.01,0.24863819,2
2021-02-05T11:50:46.240336+01:00,37490.38,0.39,1,37498.73,0.5,1
2021-02-05T11:50:51.662099+01:00,37497.38,0.5,1,37505.46,0.39,1
2021-02-05T11:50:57.219143+01:00,37492.11,0.11821,1,37500.32,0.5,1
2021-02-05T11:51:02.421348+01:00,37496.82,0.39,1,37503.82,0.5,1
2021-02-05T11:51:07.698670+01:00,37482.33,0.5,1,37489.35,0.1,1
2021-02-05T11:51:13.521293+01:00,37478.38,0.0040794,1,37479.98,0.03770828,1
2021-02-05T11:51:18.688720+01:00,37471.06,0.05167099,1,37471.07,2.31821,2
2021-02-05T11:51:24.477108+01:00,37471.06,0.55167099,2,37471.07,0.88194874,3
2021-02-05T11:51:29.905969+01:00,37482.89,0.5,1,37490,2.2,1
2021-02-05T11:51:35.363840+01:00,37477.39,0.00006139,1,37477.4,2.97402318,11
2021-02-05T11:51:40.798980+01:00,37451.3,0.5,1,37458.03,0.11821,2
2021-02-05T11:51:46.615558+01:00,37461.34,0.39,1,37468.7,2.09524559,1
2021-02-05T11:51:52.417355+01:00,37447.84,0.5,1,37458.52,0.5,1
2021-02-05T11:51:57.589113+01:00,37466.97,0.13277457,1,37475.45,0.66715983,1
2021-02-05T11:52:02.787367+01:00,37457.4,0.00265641,1,37467.14,0.31246707,3
2021-02-05T11:52:07.971661+01:00,37450.2,0.5,1,37451.83,0.04503613,1
2021-02-05T11:52:13.768732+01:00,37452.06,0.39,1,37459.17,0.0395531,1
2021-02-05T11:52:18.947471+01:00,37442.45,0.39,1,37451.98,0.20677971,3
2021-02-05T11:52:24.116968+01:00,37436.78,0.5,1,37443.28,0.1,1
2021-02-05T11:52:29.535060+01:00,37450,0.00533618,1,37451.27,0.04889594,1
2021-02-05T11:52:34.958273+01:00,37461.67,0.39,1,37468.31,0.05018151,1
2021-02-05T11:52:40.505945+01:00,37450.95,0.02485422,1,37460.5,0.1,1
2021-02-05T11:52:45.914997+01:00,37435.72,3.41567272,7,37435.73,0.1,1
2021-02-05T11:52:51.712727+01:00,37455.2,0.5,1,37461.15,0.11047454,1
2021-02-05T11:52:57.526315+01:00,37440.66,0.034731,1,37447.84,0.00788354,1
2021-02-05T11:53:02.696141+01:00,37440.66,0.034731,1,37442.24,0.03873715,1
2021-02-05T11:53:08.495013+01:00,37427.4,0.00390158,1,37435.34,0.66788404,1
2021-02-05T11:53:13.646874+01:00,37430.08,0.02485422,1,37431.47,0.0779336,1
2021-02-05T11:53:19.212226+01:00,37413.72,0.00155071,1,37416.06,0.09872414,1
2021-02-05T11:53:24.643516+01:00,37410.47,0.00855119,2,37410.48,7.77147421,4
2021-02-05T11:53:30.189931+01:00,37400.43,0.005,1,37400.98,0.04113191,1
2021-02-05T11:53:35.346022+01:00,37400.96,0.5578233,3,37400.97,0.00111673,1
2021-02-05T11:53:40.908228+01:00,37403.86,0.39,1,37412.87,0.00788354,1
2021-02-05T11:53:46.454589+01:00,37408.44,0.39,1,37424.4,0.3214634,1
2021-02-05T11:53:51.654299+01:00,37418.63,0.39,1,37423.06,0.39,1
2021-02-05T11:53:57.089537+01:00,37427.9,0.39,1,37437.31,0.39,1
2021-02-05T11:54:02.528629+01:00,37436.31,0.11821,1,37436.32,0.307,1
2021-02-05T11:54:08.065697+01:00,37458.97,0.04632138,1,37458.98,3.17871695,5
2021-02-05T11:54:13.581202+01:00,37448.59,0.03743227,1,37454.13,0.39,1
2021-02-05T11:54:18.778951+01:00,37420.96,0.07090158,1,37432.61,0.5,1
2021-02-05T11:54:23.938605+01:00,37436.25,0.0901317,1,37445.86,0.5,1
2021-02-05T11:54:29.520178+01:00,37455.43,0.1245592,2,37455.44,2.7,2
2021-02-05T11:54:34.691461+01:00,37438.76,0.39,1,37440.35,5,1
2021-02-05T11:54:40.573084+01:00,37442.15,0.39,1,37446.3,0.39,1
2021-02-05T11:54:46.379439+01:00,37436.49,0.11821,1,37436.5,0.1,1
2021-02-05T11:54:51.565274+01:00,37428.38,0.5,1,37435.53,0.01335629,1
2021-02-05T11:54:57.108313+01:00,37418.68,0.39,1,37427.29,0.1,1
2021-02-05T11:55:02.291642+01:00,37429.92,0.12165,2,37429.93,0.447,1
2021-02-05T11:55:07.858905+01:00,37436.99,0.18026263,2,37442.18,0.01,1
2021-02-05T11:55:13.659725+01:00,37438.69,0.39,1,37446.15,0.00948823,1
2021-02-05T11:55:19.177666+01:00,37440.36,0.39,1,37446.14,0.01750841,1
2021-02-05T11:55:24.363432+01:00,37447.98,0.39,1,37452.38,0.2656936,2
2021-02-05T11:55:29.659195+01:00,37460.89,0.39,1,37463.68,4.99641529,1
2021-02-05T11:55:35.216786+01:00,37462.76,0.00408417,1,37466.01,0.03902193,2
2021-02-05T11:55:40.651808+01:00,37464.05,0.11821,1,37474.53,0.2468976,3
2021-02-05T11:55:46.194064+01:00,37462.46,0.39,1,37474.78,0.39,1
2021-02-05T11:55:51.605626+01:00,37467.34,0.01201079,1,37472.05,5,1
2021-02-05T11:55:56.906208+01:00,37467.75,0.5,1,37470.43,5,1
2021-02-05T11:56:02.478367+01:00,37469.17,10,1,37471.23,4.99093055,1
2021-02-05T11:56:07.906458+01:00,37441.24,0.39,1,37449.51,0.39,1
2021-02-05T11:56:13.186853+01:00,37449.08,0.079,1,37450.33,0.39,1
2021-02-05T11:56:18.400003+01:00,37457.67,0.39,1,37460.4,0.0481043,1
2021-02-05T11:56:24.172901+01:00,37463.78,0.39,1,37469.04,0.39,1
2021-02-05T11:56:29.355694+01:00,37469.51,1.00821,3,37469.52,0.287,1
2021-02-05T11:56:34.562739+01:00,37468.15,0.07334177,1,37468.16,2.31723076,3
2021-02-05T11:56:39.976679+01:00,37459.57,0.39,1,37463.2,0.20275109,1
2021-02-05T11:56:45.533935+01:00,37463.17,3.91365617,8,37463.18,2.1950864,2
2021-02-05T11:56:50.969989+01:00,37464.8,0.39,1,37471.09,0.01392934,1
2021-02-05T11:56:56.775878+01:00,37468.89,0.5,1,37471.12,0.02401158,1
2021-02-05T11:57:02.844533+01:00,37472.65,3.86399071,6,37472.66,2.5227296,1
2021-02-05T11:57:08.737484+01:00,37477.96,0.00939379,1,37483.21,0.04206478,1
2021-02-05T11:57:14.535075+01:00,37485.82,0.71628023,2,37489.22,0.03939776,1
2021-02-05T11:57:19.964409+01:00,37474.72,0.5,1,37477.98,0.04668443,1
2021-02-05T11:57:25.761107+01:00,37473.03,0.06301871,1,37473.04,0.74768999,4
2021-02-05T11:57:30.932584+01:00,37470,0.99015723,2,37470.01,0.1132,2
2021-02-05T11:57:36.125605+01:00,37470.15,0.13207894,1,37474.63,0.1,1
2021-02-05T11:57:41.562353+01:00,37470,0.45524627,1,37470.01,0.12482981,6
2021-02-05T11:57:46.758126+01:00,37470.07,7.63972611,13,37470.08,0.05770855,2
2021-02-05T11:57:52.565832+01:00,37470.12,4.54070983,8,37470.13,0.01116858,1
2021-02-05T11:57:58.006450+01:00,37470.17,0.70023984,1,37475.34,0.01146659,1
2021-02-05T11:58:03.209664+01:00,37470.07,0.02165559,2,37470.08,2.59468405,3
2021-02-05T11:58:08.389058+01:00,37470.07,0.22492004,2,37470.08,2.92503329,6
2021-02-05T11:58:14.200570+01:00,37460.23,0.02529377,1,37460.24,2.57334533,6
2021-02-05T11:58:19.666063+01:00,37454.14,0.94867705,3,37454.15,0.1,1
2021-02-05T11:58:24.945241+01:00,37456.39,0.5,1,37456.4,0.09872468,1
2021-02-05T11:58:30.524406+01:00,37461.86,0.11821,1,37470.04,0.0901317,1
2021-02-05T11:58:35.989811+01:00,37462.61,0.5,1,37469.59,0.06285096,2
2021-02-05T11:58:41.561438+01:00,37467.93,0.45327103,2,37469.04,0.01,1
2021-02-05T11:58:46.958615+01:00,37467.94,0.02124367,1,37469.96,0.11233734,1
2021-02-05T11:58:52.525688+01:00,37467.93,0.43458087,2,37469.97,0.15461153,1
2021-02-05T11:58:57.966084+01:00,37460.87,0.43458087,2,37466.85,0.10138686,2
2021-02-05T11:59:03.410836+01:00,37440.97,0.39,1,37446.38,0.1,1
2021-02-05T11:59:08.618634+01:00,37447.06,0.5,1,37448.2,5,1
2021-02-05T11:59:14.080455+01:00,37447.15,0.61821,2,37447.16,5.09986695,2
2021-02-05T11:59:19.287772+01:00,37452.18,3.22586183,4,37452.19,4.99605469,1
2021-02-05T11:59:25.077636+01:00,37457.37,0.58721,3,37457.38,0.01234265,1
2021-02-05T11:59:30.500327+01:00,37463.11,1.17035,1,37466.03,0.253,1
2021-02-05T11:59:35.699811+01:00,37462.88,0.05622402,1,37465.75,0.09024509,2
2021-02-05T11:59:41.221159+01:00,37462.88,0.05622402,1,37462.89,0.07279219,4
2021-02-05T11:59:46.625706+01:00,37441.26,0.39,1,37444.75,0.0281,1
2021-02-05T11:59:52.423838+01:00,37441.75,0.13123729,1,37444.69,0.027,1
2021-02-05T11:59:57.606981+01:00,37441.26,0.00018248,1,37441.27,7.69508375,10
2021-02-05T12:00:02.830252+01:00,37441.26,0.25511427,1,37441.27,3.29745801,7
2021-02-05T12:00:08.006635+01:00,37441.51,0.39,1,37444.13,0.09142487,1
2021-02-05T12:00:13.442090+01:00,37451.68,0.11821,1,37451.69,0.0254,1
2021-02-05T12:00:18.881596+01:00,37450.26,0.5,1,37457.24,0.0245,1
2021-02-05T12:00:24.719683+01:00,37443.89,0.5,1,37448.75,0.0216,1
2021-02-05T12:00:29.901525+01:00,37436.6,0.5,1,37441.43,0.05256818,1
2021-02-05T12:00:35.071741+01:00,37446.36,0.61821,2,37446.37,0.09792277,2
2021-02-05T12:00:40.482606+01:00,37458.18,0.11821,1,37458.19,5,1
2021-02-05T12:00:46.271951+01:00,37464,0.39,1,37467.22,0.00232337,1
2021-02-05T12:00:51.694792+01:00,37467.39,1.63653397,6,37467.4,0.01753342,1
2021-02-05T12:00:57.244529+01:00,37488.07,3.45139517,7,37488.08,0.01299862,2
2021-02-05T12:01:02.423117+01:00,37497.84,0.5,1,37498.09,0.38973359,1
2021-02-05T12:01:08.237683+01:00,37506.23,1.88270759,9,37506.24,0.01423412,2
2021-02-05T12:01:13.644370+01:00,37516.34,0.13698982,1,37516.35,0.01273718,2
2021-02-05T12:01:19.173267+01:00,37516.34,0.12081508,1,37518.84,0.39,1
2021-02-05T12:01:24.331488+01:00,37521.63,0.5,1,37524.4,0.83387203,2
2021-02-05T12:01:29.871965+01:00,37516.34,0.09008526,1,37516.35,1.37741659,6
2021-02-05T12:01:35.660587+01:00,37528.9,0.022,1,37530.69,0.02885627,1
2021-02-05T12:01:40.843991+01:00,37538.71,0.7,1,37541.03,0.3897339,1
2021-02-05T12:01:46.392630+01:00,37540.75,0.029,1,37541.12,0.0294359,1
2021-02-05T12:01:51.814621+01:00,37561.81,0.00000385,1,37561.82,0.00960327,2
2021-02-05T12:01:57.634781+01:00,37564.94,0.02039782,1,37569.52,0.39,1
2021-02-05T12:02:02.819328+01:00,37571.41,0.64238192,3,37571.42,0.00707518,1
2021-02-05T12:02:08.365325+01:00,37571.41,7.43144349,7,37577.82,0.66529995,1
2021-02-05T12:02:13.539556+01:00,37581.81,0.79059329,1,37581.82,2.7206901,4
2021-02-05T12:02:19.108125+01:00,37577.86,0.00074446,1,37577.87,7.82206048,14
2021-02-05T12:02:24.524884+01:00,37556.73,0.9,1,37565.81,0.5,1
2021-02-05T12:02:30.065816+01:00,37564.31,0.5,1,37564.33,0.0133105,1
2021-02-05T12:02:35.229235+01:00,37557.66,0.50683805,2,37564.46,0.66273333,1
2021-02-05T12:02:40.515821+01:00,37557.66,0.00683805,1,37557.67,3.49111323,6
2021-02-05T12:02:45.694380+01:00,37560.35,0.01638336,1,37560.36,2.86564629,2
2021-02-05T12:02:51.240042+01:00,37560.35,0.01375981,2,37560.36,3.10755715,6
2021-02-05T12:02:56.419431+01:00,37550,0.02799381,2,37550.01,3.44542053,5
2021-02-05T12:03:01.766878+01:00,37539.12,0.01543089,1,37539.13,2.3143084,3
2021-02-05T12:03:06.944640+01:00,37550.81,4.1461836,5,37550.82,0.5,1
2021-02-05T12:03:12.492483+01:00,37554.5,0.0359902,1,37554.51,2.26,2
2021-02-05T12:03:17.652517+01:00,37540.2,0.042417,1,37547.97,0.39,1
2021-02-05T12:03:23.457690+01:00,37549.16,0.39,1,37552.36,0.39,1
2021-02-05T12:03:28.859809+01:00,37546.89,0.60789,2,37546.9,0.62619176,1
2021-02-05T12:03:34.046774+01:00,37541.39,0.007,1,37541.4,0.57607376,2
2021-02-05T12:03:39.470182+01:00,37531.09,0.11821,1,37531.1,0.63464784,1
2021-02-05T12:03:45.012957+01:00,37524.68,0.39,1,37530.88,0.61782886,1
2021-02-05T12:03:50.574359+01:00,37525.34,0.5,1,37527.48,0.39,1
2021-02-05T12:03:55.983493+01:00,37506.88,0.48968,1,37525.06,0.477644,1
2021-02-05T12:04:01.858444+01:00,37502.32,0.04903953,1,37505.46,0.5,1
2021-02-05T12:04:07.713810+01:00,37491.35,0.11821,1,37497.79,0.64179774,1
2021-02-05T12:04:12.887521+01:00,37475.49,0.13408385,1,37480.35,4.62767332,3
2021-02-05T12:04:18.195400+01:00,37482.15,0.025,1,37482.16,2.78486613,3
2021-02-05T12:04:23.618714+01:00,37468.74,3.35528822,7,37468.75,0.03926512,1
2021-02-05T12:04:28.920988+01:00,37482.19,0.11038195,1,37482.2,0.5,1
2021-02-05T12:04:34.468383+01:00,37482.19,0.11821,1,37482.2,0.4803804,2
2021-02-05T12:04:39.629995+01:00,37490.02,0.05082974,1,37494.3,0.5,1
2021-02-05T12:04:45.424043+01:00,37492.33,0.39,1,37496.6,0.08241263,1
2021-02-05T12:04:50.609625+01:00,37496.59,6.2163278,9,37496.6,0.00443386,1
2021-02-05T12:04:56.040831+01:00,37496.21,0.000818,1,37496.22,3.35130356,8
2021-02-05T12:05:01.200169+01:00,37492.4,0.30680679,2,37492.41,5.77161766,5
2021-02-05T12:05:06.663230+01:00,37496.65,0.241,1,37497.04,0.04632341,1
2021-02-05T12:05:12.461393+01:00,37496.84,0.01267725,1,37501.85,0.1,1
2021-02-05T12:05:17.622181+01:00,37511.06,0.5,1,37517.87,0.53332254,1
2021-02-05T12:05:23.425114+01:00,37518.66,0.39,1,37526.02,0.5,1
2021-02-05T12:05:28.680576+01:00,37528.17,0.004,1,37528.18,3.0438411,9
2021-02-05T12:05:34.102639+01:00,37519.23,1.45069713,4,37519.24,0.48658033,1
2021-02-05T12:05:39.258623+01:00,37519.25,0.9,1,37519.26,0.49742472,1
2021-02-05T12:05:45.067925+01:00,37517.82,0.39,1,37522.92,0.54772021,1
2021-02-05T12:05:50.237429+01:00,37526,4.15325262,8,37526.01,0.00123409,1
2021-02-05T12:05:55.764995+01:00,37549.23,0.11821,2,37549.24,0.0534,1
2021-02-05T12:06:00.928697+01:00,37555.26,0.16331327,5,37555.27,0.00172488,1
2021-02-05T12:06:06.372443+01:00,37528.7,3.63968,5,37528.71,0.02757368,1
2021-02-05T12:06:11.786603+01:00,37528.18,0.00020112,1,37528.19,2.96623311,10
2021-02-05T12:06:16.978385+01:00,37522.96,3.2412307,7,37522.97,0.00410011,1
2021-02-05T12:06:22.751476+01:00,37541.44,0.68952118,3,37541.45,0.1,1
2021-02-05T12:06:28.536666+01:00,37538.96,0.00052357,1,37538.97,6.3231947,12
2021-02-05T12:06:33.702780+01:00,37538.96,0.13586628,1,37538.97,11.07179993,14
2021-02-05T12:06:39.518367+01:00,37522.3,5.2714896,6,37522.31,0.03639215,3
2021-02-05T12:06:44.684027+01:00,37522.3,0.40726635,4,37522.31,0.03575601,5
2021-02-05T12:06:50.249944+01:00,37522.3,0.25846628,3,37522.31,2.7,2
2021-02-05T12:06:55.678106+01:00,37498.84,0.39,1,37505.02,0.5,1
2021-02-05T12:07:01.222701+01:00,37503.31,0.15433183,1,37507.56,0.39,1
2021-02-05T12:07:06.670307+01:00,37521.33,0.01569753,1,37521.34,0.10585326,1
2021-02-05T12:07:11.855589+01:00,37528.96,0.48968,1,37535.18,0.39,1
2021-02-05T12:07:17.187606+01:00,37544.45,0.03343324,2,37544.46,2.83139181,4
2021-02-05T12:07:22.611366+01:00,37544.45,0.27734417,4,37544.46,3.19535106,4
2021-02-05T12:07:27.906975+01:00,37518.63,0.71587258,3,37520.94,0.38872728,1
2021-02-05T12:07:33.689447+01:00,37518.63,0.7,1,37521.61,0.39,1
2021-02-05T12:07:38.868193+01:00,37516.13,0.65,1,37520.35,0.39,1
2021-02-05T12:07:44.666880+01:00,37520.34,0.32375521,1,37520.35,3.20121047,4
2021-02-05T12:07:50.523450+01:00,37516.13,0.32375521,1,37516.14,3.80894774,8
2021-02-05T12:07:55.692361+01:00,37524.18,0.39,1,37528.26,0.3841852,1
2021-02-05T12:08:01.507819+01:00,37527.68,0.01354919,1,37527.69,5.12347807,10
2021-02-05T12:08:06.963950+01:00,37523.44,0.33001231,2,37523.45,4.62659846,10
2021-02-05T12:08:12.764619+01:00,37523.44,0.33001231,2,37523.45,4.37656613,7
2021-02-05T12:08:17.945204+01:00,37523.58,0.0062571,1,37524.64,0.09325582,1
2021-02-05T12:08:23.502842+01:00,37524.69,0.0062571,1,37524.7,2.14825697,5
2021-02-05T12:08:28.909605+01:00,37524.69,0.01329589,2,37524.7,2.08584108,5
2021-02-05T12:08:34.470612+01:00,37524.69,0.01329589,2,37524.7,2.10284221,6
2021-02-05T12:08:39.643926+01:00,37527.7,0.15079997,4,37527.71,0.81566693,4
2021-02-05T12:08:45.188029+01:00,37534.56,0.41063242,4,37534.57,0.48672541,1
2021-02-05T12:08:50.599479+01:00,37537.75,0.88713718,4,37537.76,0.64254299,1
2021-02-05T12:08:56.130484+01:00,37537.75,0.59319281,3,37537.76,6.33176683,7
2021-02-05T12:09:01.334566+01:00,37548.22,0.81,1,37548.86,0.1,1
2021-02-05T12:09:06.860272+01:00,37550.9,0.00082752,1,37550.91,3.89333222,9
2021-02-05T12:09:12.749571+01:00,37537.08,0.12955293,1,37537.09,2.77708312,5
2021-02-05T12:09:17.916283+01:00,37523.18,0.5,1,37529.02,0.06508381,1
2021-02-05T12:09:23.456072+01:00,37528.29,0.09108818,1,37528.67,0.09320827,1
2021-02-05T12:09:28.883257+01:00,37537.76,0.85795763,1,37540.86,4.99986728,1
2021-02-05T12:09:34.074527+01:00,37541.58,0.5,1,37543.06,0.04094906,1
2021-02-05T12:09:39.494862+01:00,37545.74,0.39,1,37551.06,2.7,2
2021-02-05T12:09:45.282545+01:00,37555.27,2.61150093,7,37555.28,0.95401673,1
2021-02-05T12:09:50.694352+01:00,37553.09,0.02394248,2,37555.28,0.93725691,1
2021-02-05T12:09:55.887644+01:00,37545.92,0.01876227,1,37552.17,0.078,1
2021-02-05T12:10:01.367502+01:00,37545.92,0.02565083,2,37548.55,0.04226578,1
2021-02-05T12:10:06.794741+01:00,37546.82,0.01222639,2,37546.83,2.82562622,4
2021-02-05T12:10:12.330303+01:00,37537.81,0.00581901,1,37540.56,0.66597145,1
2021-02-05T12:10:17.486131+01:00,37538.46,0.00385908,1,37538.47,2.2,1
2021-02-05T12:10:22.773713+01:00,37555.27,2.31821,2,37555.28,0.92708916,1
2021-02-05T12:10:28.325987+01:00,37555.27,0.0039,1,37555.28,0.0594896,1
2021-02-05T12:10:33.749466+01:00,37555.27,0.01489401,1,37555.28,0.0594896,1
2021-02-05T12:10:39.203006+01:00,37540.8,0.79999999,1,37549.95,0.5,1
2021-02-05T12:10:44.365097+01:00,37544.78,0.5,1,37547.83,0.048727,1
2021-02-05T12:10:49.588757+01:00,37547.82,0.00326333,1,37547.83,0.21261123,4
2021-02-05T12:10:55.013139+01:00,37554.14,0.06717227,2,37554.15,0.5017,2
2021-02-05T12:11:00.189162+01:00,37554.14,0.07977227,2,37554.15,2.2,1
2021-02-05T12:11:05.350664+01:00,37550.57,0.02331564,1,37550.58,0.63877414,1
2021-02-05T12:11:11.167934+01:00,37555.27,4.63153593,9,37557.54,5,1
2021-02-05T12:11:16.585657+01:00,37560.33,0.75272995,1,37565.09,0.5,1
2021-02-05T12:11:22.124409+01:00,37561.58,0.48183257,1,37564.75,0.62884425,1
2021-02-05T12:11:27.280079+01:00,37574.93,0.61821,2,37574.94,0.66537941,1
2021-02-05T12:11:32.711636+01:00,37571.14,0.51000064,2,37571.15,0.11821,2
2021-02-05T12:11:38.257826+01:00,37571.14,0.2633306,2,37571.15,8.54516533,5
2021-02-05T12:11:43.696605+01:00,37557.86,0.227174,1,37559.19,0.04773274,1
2021-02-05T12:11:48.897834+01:00,37557.86,0.227174,1,37558.38,0.57891425,1
2021-02-05T12:11:54.453304+01:00,37557.86,0.36788171,1,37557.87,2.59,2
2021-02-05T12:11:59.876172+01:00,37557.86,0.34635326,1,37557.87,3.76309763,5
2021-02-05T12:12:05.337569+01:00,37563.43,0.21814889,1,37569.02,0.39,1
2021-02-05T12:12:10.517990+01:00,37569.51,1.06478962,3,37569.52,4.98591526,1
2021-02-05T12:12:15.719606+01:00,37569.51,0.27763019,3,37573.28,0.39,1
2021-02-05T12:12:21.155658+01:00,37569.51,0.21814889,1,37569.52,6.92228841,7
2021-02-05T12:12:26.573404+01:00,37560.88,0.31197409,4,37560.89,1.03652276,2
2021-02-05T12:12:32.124785+01:00,37560.88,0.27505601,3,37560.89,5.1485839,4
2021-02-05T12:12:37.291706+01:00,37560.88,0.35205601,4,37560.89,5.77476739,5
2021-02-05T12:12:42.477087+01:00,37560.88,0.27505601,3,37560.89,10.65996523,10
2021-02-05T12:12:47.928163+01:00,37552.09,0.17174405,2,37552.1,3.22897615,5
2021-02-05T12:12:53.375066+01:00,37544.97,0.05495227,1,37547.66,0.02546943,1
2021-02-05T12:12:58.802507+01:00,37545.62,0.19959436,3,37545.63,0.47074635,4
2021-02-05T12:13:04.248620+01:00,37545.62,7.39396784,17,37545.63,0.02690679,1
2021-02-05T12:13:09.414302+01:00,37573.25,0.08,1,37573.26,5.56458445,3
2021-02-05T12:13:14.705989+01:00,37573.87,0.20594357,5,37573.88,4.64045194,4
2021-02-05T12:13:20.592689+01:00,37573.87,1.07559832,7,37573.88,4.44188799,4
2021-02-05T12:13:25.861839+01:00,37573.87,1.56453469,7,37573.88,5.62844194,2
2021-02-05T12:13:31.314577+01:00,37579.94,1.42495698,4,37579.95,0.76528324,2
2021-02-05T12:13:36.484333+01:00,37579.94,6.22519336,13,37579.95,5.06479088,2
2021-02-05T12:13:42.019256+01:00,37585.53,0.88005899,3,37585.54,0.63922114,1
2021-02-05T12:13:47.424722+01:00,37593.15,0.1613355,3,37593.16,0.008,1
2021-02-05T12:13:52.849459+01:00,37589.97,0.19056108,3,37591.64,0.00936302,1
2021-02-05T12:13:58.646535+01:00,37589.97,0.19056108,3,37589.98,11.04690828,7
2021-02-05T12:14:04.462864+01:00,37560.66,0.39,1,37566.15,0.11821,1
2021-02-05T12:14:09.629375+01:00,37558.67,0.08061403,1,37559.53,0.0163,1
2021-02-05T12:14:15.172227+01:00,37553.39,0.5,1,37559.46,0.01492013,1
2021-02-05T12:14:20.338972+01:00,37548.48,0.5,1,37552.02,0.75764573,1
2021-02-05T12:14:25.894528+01:00,37544.43,0.00866777,1,37546.4,0.01401134,1
2021-02-05T12:14:31.331436+01:00,37544.44,1.09926957,4,37544.45,0.0147,1
2021-02-05T12:14:36.743326+01:00,37546.57,0.5,1,37546.58,0.67440474,2
2021-02-05T12:14:42.274621+01:00,37544.43,0.00866777,1,37544.44,3.97562636,11
2021-02-05T12:14:47.697754+01:00,37537.76,0.73870082,1,37537.77,9.6884463,12
2021-02-05T12:14:53.515549+01:00,37525.94,0.62321,3,37525.95,0.67637578,2
2021-02-05T12:14:58.693890+01:00,37535.59,0.5,1,37541.05,0.74444397,1
2021-02-05T12:15:04.150176+01:00,37553.4,0.11199703,1,37554.89,0.74444397,1
2021-02-05T12:15:09.558873+01:00,37567.98,0.20572346,2,37567.99,3.29357967,5
2021-02-05T12:15:15.084258+01:00,37558.37,0.1804656,1,37558.38,2.97371528,10
2021-02-05T12:15:20.480599+01:00,37558.37,0.1804656,1,37558.38,2.8750177,5
2021-02-05T12:15:26.012616+01:00,37558.37,0.1804656,1,37558.38,2.56377342,5
2021-02-05T12:15:31.451016+01:00,37554.94,0.00048982,1,37554.95,3.23106414,6
2021-02-05T12:15:36.626469+01:00,37554.94,0.00048982,1,37554.95,2.72849408,5
2021-02-05T12:15:42.182992+01:00,37555.97,0.39,1,37563.54,0.63550957,1
2021-02-05T12:15:47.350321+01:00,37562.26,0.5,1,37565.02,0.69444397,1
2021-02-05T12:15:52.896443+01:00,37564.35,0.05,1,37570.01,0.5,1
2021-02-05T12:15:58.466906+01:00,37566.44,0.5,1,37569,0.04791945,1
2021-02-05T12:16:03.663185+01:00,37554.94,0.09876691,1,37554.95,2.87883082,4
2021-02-05T12:16:09.242822+01:00,37554.94,0.15998738,3,37554.95,3.58039848,8
2021-02-05T12:16:14.408659+01:00,37540.73,0.104,1,37542.85,0.39,1
2021-02-05T12:16:19.620752+01:00,37540.72,0.04799759,1,37542.79,0.80298017,2
2021-02-05T12:16:25.405749+01:00,37550.51,0.11821,1,37554.73,0.69179419,1
2021-02-05T12:16:30.816584+01:00,37560,0.12,1,37560.01,3.68208475,10
2021-02-05T12:16:36.011970+01:00,37536.49,0.11471876,1,37547.74,0.1,1
2021-02-05T12:16:41.553225+01:00,37536.24,0.39,1,37543.42,0.02366091,1
2021-02-05T12:16:46.754669+01:00,37542.48,0.5,1,37543.42,0.01202886,4
2021-02-05T12:16:52.538371+01:00,37529.5,0.5,1,37538.93,0.58031686,1
2021-02-05T12:16:57.710540+01:00,37541.03,0.11821,1,37541.06,5,1
2021-02-05T12:17:02.895701+01:00,37552.97,0.39,1,37557.6,0.085,1
2021-02-05T12:17:08.465490+01:00,37552.04,0.5,1,37556.43,0.32784899,1
2021-02-05T12:17:13.629942+01:00,37546.58,0.6327,2,37546.59,2.2,1
2021-02-05T12:17:19.482133+01:00,37530.49,0.04111726,1,37535.34,2.71003794,5
2021-02-05T12:17:24.930527+01:00,37534.58,0.5,1,37534.59,0.66613012,1
2021-02-05T12:17:30.215660+01:00,37532.86,1.03968,3,37532.87,0.6661284,1
2021-02-05T12:17:35.385606+01:00,37511.08,0.017425,2,37518.61,0.39,1
2021-02-05T12:17:41.180897+01:00,37518.46,1.10789,3,37518.47,0.39,1
2021-02-05T12:17:46.372296+01:00,37516.26,0.5,1,37517.63,0.51868198,1
2021-02-05T12:17:51.907159+01:00,37511.23,0.05,1,37515.35,0.39,1
2021-02-05T12:17:57.719027+01:00,37516.57,0.69721,3,37516.58,0.02450563,1
2021-02-05T12:18:02.899711+01:00,37520.05,0.13854236,1,37527.48,0.49621798,1
2021-02-05T12:18:08.093049+01:00,37535.56,4.18136708,10,37535.57,0.078,1
2021-02-05T12:18:13.255781+01:00,37556.3,6.69595206,10,37556.31,1.26648,1
2021-02-05T12:18:19.043685+01:00,37562.02,0.95858404,1,37562.03,2.63494787,3
2021-02-05T12:18:24.255473+01:00,37560.94,0.5,1,37563.13,0.39,1
2021-02-05T12:18:29.709451+01:00,37563.46,0.93704589,1,37563.47,0.48018985,2
2021-02-05T12:18:35.155256+01:00,37574.88,1.21552222,3,37574.89,0.07529497,1
2021-02-05T12:18:40.338722+01:00,37563.46,1.44786613,3,37563.47,6.54091285,13
2021-02-05T12:18:45.889519+01:00,37563.46,1.36650868,3,37563.47,2.59154606,3
2021-02-05T12:18:51.537176+01:00,37563.46,0.90902439,3,37563.47,7.35629234,4
2021-02-05T12:18:56.938118+01:00,37563.46,0.40902439,2,37563.47,0.44992408,2
2021-02-05T12:19:02.362355+01:00,37563.46,1.30671454,3,37563.47,2.93417445,5
2021-02-05T12:19:07.785647+01:00,37551.38,0.5,1,37552.55,0.39,1
2021-02-05T12:19:13.586631+01:00,37540.43,0.05,1,37546.62,0.39,1
2021-02-05T12:19:18.749595+01:00,37539.28,1.27304912,5,37539.29,0.13171859,2
2021-02-05T12:19:24.529729+01:00,37546.03,0.5,1,37546.04,0.39,1
2021-02-05T12:19:29.938004+01:00,37542.05,0.5,1,37544.73,0.39,1
2021-02-05T12:19:35.366168+01:00,37552.2,1.33838743,4,37552.21,0.04416432,1
2021-02-05T12:19:40.788782+01:00,37547.04,0.006,1,37550.7,0.5,1
2021-02-05T12:19:46.349331+01:00,37545.14,0.39,1,37548.47,0.5,1
2021-02-05T12:19:51.776782+01:00,37534.55,0.02829381,2,37536.93,0.1,1
2021-02-05T12:19:57.561497+01:00,37534.85,0.00660731,1,37534.86,0.08583312,1
2021-02-05T12:20:02.995050+01:00,37546.04,0.00605526,1,37546.08,0.01,1
