timestamp,ask,bid,asksize,bidsize,sell_qty,buy_qty
2021-02-25T17:01:31.296035,50531.85000000,50528.71000000,0.26000000,1.00000000,15.656524000000003,23.95577999999999
2021-02-25T17:01:36.794538,50530.12000000,50520.55000000,0.05789300,0.43592000,2.4598630000000004,4.3710130000000005
2021-02-25T17:01:42.284479,50527.46000000,50527.45000000,0.26261500,0.74073900,0.25214200000000003,1.2976890000000008
2021-02-25T17:01:47.767470,50546.39000000,50543.52000000,0.17808800,0.06090500,4.029091999999999,1.010848
2021-02-25T17:01:53.686262,50516.41000000,50512.42000000,0.00793000,0.23145500,2.2269479999999997,1.904901
2021-02-25T17:01:59.599761,50512.62000000,50510.50000000,0.30672700,0.14697200,1.7139359999999995,1.3953330000000002
2021-02-25T17:02:05.083928,50502.11000000,50500.82000000,0.07412400,0.24952200,0.5023519999999999,2.7837249999999973
2021-02-25T17:02:10.575052,50479.31000000,50479.30000000,0.12760500,0.15000000,2.646236999999999,33.036523999999986
2021-02-25T17:02:16.066444,50477.58000000,50477.57000000,0.89365000,4.15368600,0.7342550000000001,1.6080059999999998
2021-02-25T17:02:21.552492,50500.03000000,50500.02000000,1.90854300,0.95586400,3.019066000000001,1.4848489999999999
2021-02-25T17:02:27.046007,50510.38000000,50510.37000000,1.51280400,0.41526900,4.481031000000001,0.8964199999999999
2021-02-25T17:02:32.527944,50477.58000000,50477.57000000,0.63835800,2.66396900,4.610262999999997,6.9718839999999975
2021-02-25T17:02:38.015720,50458.40000000,50448.69000000,0.11340000,0.45726000,5.620725000000002,12.05036000000001
2021-02-25T17:02:43.511172,50413.55000000,50405.07000000,0.16471100,0.12353100,2.8654179999999996,7.003684000000002
2021-02-25T17:02:49.007113,50433.30000000,50426.97000000,0.03643400,0.25642100,2.063166,11.712737999999998
2021-02-25T17:02:54.495598,50422.13000000,50419.17000000,0.05880300,0.50000000,2.723161000000001,3.666614999999999
2021-02-25T17:03:00.412274,50415.37000000,50415.36000000,0.00000400,1.61012600,1.197326,3.7716560000000006
2021-02-25T17:03:05.901629,50414.54000000,50412.08000000,0.52000000,0.00250000,1.6783819999999998,4.671303000000001
2021-02-25T17:03:11.385845,50372.81000000,50370.18000000,0.06286200,0.00079800,2.0649949999999992,20.14798099999999
2021-02-25T17:03:16.883722,50367.03000000,50358.35000000,0.00002600,0.00588400,5.091815999999999,5.216065999999997
2021-02-25T17:03:22.415596,50410.41000000,50398.70000000,0.25000000,0.51508400,7.643173999999999,2.8030769999999996
2021-02-25T17:03:27.904023,50370.00000000,50369.99000000,0.05020300,0.62745800,1.2132769999999997,3.784119999999999
2021-02-25T17:03:33.390331,50341.25000000,50338.42000000,0.05354500,0.24178400,1.5254829999999997,6.321077999999998
2021-02-25T17:03:38.881317,50303.93000000,50300.01000000,0.43573600,1.79115900,1.5262210000000005,8.397389
2021-02-25T17:03:44.377467,50333.00000000,50326.73000000,0.38725400,0.20261700,8.978695,34.805234999999996
2021-02-25T17:03:49.866203,50300.00000000,50299.99000000,1.06837100,0.46785600,4.406454000000001,5.028835
2021-02-25T17:03:55.785073,50328.97000000,50314.01000000,0.03736200,0.02780600,4.732568999999999,6.26077
2021-02-25T17:04:01.274419,50363.28000000,50363.27000000,1.50639200,0.00001100,6.399558000000001,3.7000970000000013
2021-02-25T17:04:06.769811,50388.61000000,50381.84000000,0.61003100,0.04512400,7.155411999999998,0.7900199999999998
2021-02-25T17:04:12.262409,50361.19000000,50352.47000000,0.18793200,1.24616700,1.8124930000000008,1.3480569999999998
2021-02-25T17:04:17.746742,50350.68000000,50342.83000000,0.13079000,0.03572000,2.194992000000001,3.5923130000000008
2021-02-25T17:04:23.235782,50326.25000000,50320.76000000,0.05509200,0.02191200,0.7228889999999998,1.4597449999999998
2021-02-25T17:04:28.724526,50445.94000000,50445.43000000,0.00248300,0.08822800,35.83484899999999,16.880392999999998
2021-02-25T17:04:34.218245,50402.58000000,50399.73000000,0.00600000,0.52000000,9.019040000000006,5.499994999999999
2021-02-25T17:04:39.705526,50481.71000000,50474.52000000,0.06953600,0.05163200,7.200031000000001,2.6234540000000006
2021-02-25T17:04:45.193647,50428.35000000,50423.16000000,1.00000000,0.20624200,1.5727210000000005,4.369183
2021-02-25T17:04:50.682909,50472.61000000,50469.32000000,0.20222800,1.00000000,2.0858929999999996,0.655534
2021-02-25T17:04:56.165983,50424.78000000,50424.77000000,0.06694200,0.29846400,0.9395379999999997,4.35914
2021-02-25T17:05:02.084398,50439.34000000,50439.33000000,0.00045700,0.18191100,1.036882,2.093981999999999
2021-02-25T17:05:07.570014,50463.36000000,50463.35000000,0.68462200,0.91349900,2.04607,0.43315000000000003
2021-02-25T17:05:13.057246,50555.08000000,50555.07000000,0.28726700,0.22271100,31.782300000000014,10.671382000000003
2021-02-25T17:05:18.545187,50494.92000000,50484.88000000,0.01335200,0.28790800,5.926686999999998,25.51579699999999
2021-02-25T17:05:24.035535,50479.35000000,50470.00000000,0.02258300,1.40458900,2.072251,3.755786999999998
2021-02-25T17:05:29.537493,50476.63000000,50468.44000000,0.42754500,1.00000000,1.4316440000000004,2.0059820000000004
2021-02-25T17:05:35.024644,50421.07000000,50416.66000000,0.50331300,0.16440500,0.9122190000000001,2.2873399999999995
2021-02-25T17:05:40.507269,50430.38000000,50429.44000000,0.00037400,0.23615700,3.967151000000001,2.056044
2021-02-25T17:05:45.991227,50411.21000000,50411.20000000,1.00000000,0.45782000,2.263165,1.098769
2021-02-25T17:05:51.481148,50430.59000000,50418.49000000,0.17850300,0.50000000,1.5989000000000002,5.3204389999999995
2021-02-25T17:05:56.970473,50390.79000000,50382.93000000,0.02790700,0.28963000,2.3956980000000003,4.859090000000001
2021-02-25T17:06:02.467434,50339.75000000,50339.74000000,0.16504400,0.74217500,1.5919250000000003,3.8102380000000005
2021-02-25T17:06:07.952030,50359.42000000,50359.41000000,3.34172400,0.08783300,1.2915199999999991,3.131141999999999
2021-02-25T17:06:13.874006,50339.44000000,50333.94000000,0.02000000,0.02790100,1.8209949999999988,3.187722
2021-02-25T17:06:19.365441,50369.74000000,50363.56000000,0.02533900,0.24178400,3.6182469999999998,1.3221459999999998
2021-02-25T17:06:24.850739,50331.93000000,50323.04000000,0.03467500,1.00000000,0.9284080000000001,1.6313120000000003
2021-02-25T17:06:30.333452,50344.96000000,50343.51000000,0.06488000,0.00126600,1.9415539999999998,2.2593070000000006
2021-02-25T17:06:35.817520,50328.52000000,50328.51000000,0.26000000,0.01000000,2.674252,1.2886199999999999
2021-02-25T17:06:41.306811,50337.40000000,50337.39000000,0.12366600,0.31053000,1.2968769999999998,1.012963
2021-02-25T17:06:46.796976,50350.00000000,50349.99000000,0.00684700,0.26000000,1.027046,1.0604780000000005
2021-02-25T17:06:52.290310,50320.01000000,50320.00000000,1.51950700,0.12726200,1.8709420000000003,1.9151639999999994
2021-02-25T17:06:57.793264,50332.48000000,50330.76000000,0.00302000,0.00457600,1.548479,0.8286959999999999
2021-02-25T17:07:03.291035,50339.11000000,50333.98000000,0.05907800,0.26000000,1.925734000000001,2.2657609999999995
2021-02-25T17:07:09.202161,50327.59000000,50322.19000000,0.04547700,0.76000000,1.465027,1.8211600000000006
2021-02-25T17:07:14.695267,50346.22000000,50346.21000000,0.50000000,0.07726200,1.7200829999999998,1.4136290000000002
2021-02-25T17:07:20.179061,50343.39000000,50335.96000000,0.42137400,1.00000000,0.5150229999999999,1.6099240000000001
2021-02-25T17:07:25.667570,50346.61000000,50346.20000000,0.45991500,0.00248400,0.8909880000000001,0.573703
2021-02-25T17:07:31.149609,50348.08000000,50344.50000000,0.00001500,0.16117800,2.3465390000000004,0.308589
2021-02-25T17:07:36.635893,50354.34000000,50354.33000000,0.11999700,1.29994400,0.5843579999999999,2.6999519999999997
2021-02-25T17:07:42.122923,50375.22000000,50374.42000000,0.02094400,0.13032200,3.137462,1.0275640000000001
2021-02-25T17:07:47.606437,50350.00000000,50346.25000000,0.01390000,0.35392500,0.8026030000000001,2.2527540000000004
2021-02-25T17:07:53.090654,50377.45000000,50377.44000000,0.15024300,0.56669000,4.2263139999999995,1.645508
2021-02-25T17:07:58.573858,50366.88000000,50357.38000000,0.15717500,0.04045900,1.186086,1.013838
2021-02-25T17:08:04.056674,50367.84000000,50367.83000000,0.15870700,0.87815100,1.638757,0.44340999999999997
2021-02-25T17:08:09.540303,50400.01000000,50400.00000000,1.11838400,9.45494300,2.346926,1.2169370000000002
2021-02-25T17:08:15.025284,50379.66000000,50379.65000000,0.12260900,0.50000000,6.185108999999996,11.834702
2021-02-25T17:08:20.516406,50386.12000000,50378.88000000,0.20775500,0.83223100,1.121968,0.884876
2021-02-25T17:08:26.000164,50401.73000000,50401.72000000,0.24355400,1.75647700,0.7103960000000001,0.787597
2021-02-25T17:08:31.505197,50426.92000000,50426.91000000,0.63905900,1.00000000,1.081416,0.47818499999999997
2021-02-25T17:08:36.999433,50414.59000000,50410.36000000,1.00000000,0.00000100,0.837029,1.0648549999999999
2021-02-25T17:08:42.492308,50391.99000000,50389.08000000,0.08674800,0.04120100,2.024456,1.4540990000000003
2021-02-25T17:08:47.977627,50382.12000000,50377.46000000,0.03163500,0.11618800,1.6825729999999999,1.0450400000000002
2021-02-25T17:08:53.465969,50378.50000000,50369.56000000,0.92036100,0.26946000,0.34702000000000005,0.44598700000000013
2021-02-25T17:08:58.951116,50382.10000000,50376.12000000,1.00000000,0.11456500,0.960197,2.507868
2021-02-25T17:09:04.439421,50359.92000000,50359.91000000,0.45886500,0.25761300,0.7533699999999998,1.668523
2021-02-25T17:09:09.928717,50334.75000000,50334.74000000,0.25967000,1.55678200,0.4259200000000001,0.6142460000000001
2021-02-25T17:09:15.417995,50313.01000000,50313.00000000,0.24094600,1.38931900,1.844671,1.1621180000000002
2021-02-25T17:09:20.903523,50292.44000000,50290.65000000,0.09134900,0.00373000,1.0756119999999998,4.389471999999999
2021-02-25T17:09:26.390012,50290.48000000,50288.57000000,0.10013200,0.17276500,1.57173,0.9989289999999997
2021-02-25T17:09:31.877866,50288.00000000,50287.99000000,0.47575200,0.64000000,0.274721,2.4907760000000008
2021-02-25T17:09:37.368391,50200.80000000,50200.00000000,2.25905300,17.51145400,1.7555000000000005,24.459452
2021-02-25T17:09:42.881935,50163.15000000,50156.81000000,0.07884900,0.92451200,5.873768000000002,22.423372000000008
2021-02-25T17:09:48.379379,50208.28000000,50204.18000000,0.01445300,0.93975100,14.717664999999998,12.846765000000005
2021-02-25T17:09:53.871912,50230.14000000,50222.15000000,0.17432300,0.01959900,2.851881,6.622547000000001
2021-02-25T17:09:59.362427,50218.73000000,50210.33000000,0.11617500,0.02800900,3.128319,7.180550999999998
2021-02-25T17:10:04.847204,50221.60000000,50219.59000000,0.08325900,0.30136000,2.534265,1.9698810000000004
2021-02-25T17:10:10.330578,50220.31000000,50216.08000000,0.28000000,0.23680200,12.929798999999994,13.726445000000005
2021-02-25T17:10:16.257980,50214.41000000,50211.24000000,0.33358300,0.46710400,7.445221,4.068588999999999
2021-02-25T17:10:21.741326,50187.72000000,50183.42000000,0.24809500,0.08783300,1.2068159999999997,6.051973999999998
2021-02-25T17:10:27.231568,50214.64000000,50214.63000000,0.33297000,0.32009100,2.1283529999999997,1.7580889999999993
2021-02-25T17:10:33.145100,50188.25000000,50188.24000000,0.91329500,0.25323200,6.921967999999999,5.089886000000002
2021-02-25T17:10:38.633805,50164.75000000,50159.44000000,0.06030500,0.13413400,1.3152840000000001,1.725661
2021-02-25T17:10:44.119490,50147.36000000,50137.03000000,0.04263200,0.02675500,1.5629750000000004,6.8999999999999995
2021-02-25T17:10:49.607756,50124.09000000,50124.08000000,0.52000000,0.17010000,1.7641199999999997,3.6241200000000013
2021-02-25T17:10:55.091878,50149.98000000,50140.03000000,0.03183800,0.02000000,0.7080019999999999,2.1765569999999994
2021-02-25T17:11:00.579835,50183.17000000,50174.95000000,0.02019900,0.25000000,1.901679,1.4980360000000001
2021-02-25T17:11:06.061566,50159.43000000,50152.93000000,1.00000000,1.00100000,3.1396390000000003,0.7264640000000002
2021-02-25T17:11:11.557024,50165.26000000,50165.25000000,0.00729700,0.51421500,1.5502129999999996,0.8949450000000002
2021-02-25T17:11:17.051620,50196.00000000,50195.99000000,0.01001300,0.64669100,1.9934450000000004,2.772462
2021-02-25T17:11:22.537700,50190.02000000,50190.01000000,0.04605800,0.11885100,1.577855,0.98949
2021-02-25T17:11:28.022584,50174.08000000,50172.07000000,0.52000000,0.02125800,0.8897239999999998,2.008643
2021-02-25T17:11:33.504500,50155.84000000,50150.80000000,0.20222800,0.06263600,1.610693,4.36257
2021-02-25T17:11:39.033126,50033.68000000,50030.36000000,0.31872400,0.03213500,8.549999,62.873491000000065
2021-02-25T17:11:44.553330,50070.71000000,50070.70000000,0.10934800,0.50000000,7.434804000000001,6.350874000000001
2021-02-25T17:11:50.040153,50115.68000000,50114.34000000,1.00000000,0.28825000,12.247045000000004,7.430569000000002
2021-02-25T17:11:55.529127,50068.92000000,50062.54000000,0.26000000,0.01730300,2.4264409999999996,11.541279000000001
2021-02-25T17:12:01.015150,50047.21000000,50042.70000000,0.02406800,0.26000000,2.735503,3.546926
2021-02-25T17:12:06.504545,50033.61000000,50026.09000000,0.32171500,0.28878900,7.552091000000002,8.880528000000002
2021-02-25T17:12:11.999786,50071.49000000,50071.48000000,0.00545400,0.50000000,3.137199000000001,3.1469950000000004
2021-02-25T17:12:17.924761,50108.49000000,50101.68000000,0.26496100,0.00030100,6.132615999999997,2.779096
2021-02-25T17:12:23.418027,50122.62000000,50121.33000000,0.03140200,0.52000000,3.3908210000000003,3.3041799999999983
2021-02-25T17:12:28.910578,50108.51000000,50108.50000000,1.95885400,0.00019500,1.2739489999999993,1.2911430000000002
2021-02-25T17:12:34.419605,50115.50000000,50112.93000000,0.07000000,0.50000000,3.6219579999999985,2.0954669999999997
2021-02-25T17:12:39.905141,50098.16000000,50098.15000000,0.00001900,0.52000000,2.2579000000000007,2.190118000000001
2021-02-25T17:12:45.389221,50127.50000000,50127.49000000,0.59792600,0.00000200,2.040136999999999,2.685167
2021-02-25T17:12:50.877557,50120.17000000,50119.19000000,0.52000000,0.00046800,1.3102029999999996,4.149317999999999
2021-02-25T17:12:56.367643,50078.90000000,50069.20000000,0.05105400,0.11331700,2.4017680000000006,2.517521
2021-02-25T17:13:01.856666,50031.10000000,50031.09000000,0.18407600,0.26000000,1.03152,3.522707999999999
2021-02-25T17:13:07.344658,50016.34000000,50016.33000000,1.48340700,0.05898100,0.8074710000000002,2.4986419999999985
2021-02-25T17:13:12.830987,50016.33000000,50013.35000000,0.59032300,0.13645100,5.056218000000002,33.466032999999996
2021-02-25T17:13:18.318595,50010.83000000,50002.53000000,0.01003700,0.26000000,10.270688000000002,6.440766000000002
2021-02-25T17:13:23.808639,50007.75000000,50003.11000000,0.01666000,0.26000000,0.683507,4.1527080000000005
2021-02-25T17:13:29.300139,50051.49000000,50044.12000000,0.00264200,0.25043700,1.7186469999999996,1.1261530000000002
2021-02-25T17:13:34.786501,50007.42000000,50004.90000000,0.52000000,0.12998000,2.092373,3.8801019999999995
2021-02-25T17:13:40.269251,49990.73000000,49984.66000000,0.11144500,0.19668400,3.010914999999999,44.967794000000055
2021-02-25T17:13:45.752793,49939.30000000,49937.27000000,1.44923800,0.34340500,3.692955,14.932699000000003
2021-02-25T17:13:51.251840,49909.96000000,49903.26000000,0.51600000,0.01115300,29.548756999999995,25.834834000000033
2021-02-25T17:13:56.748709,49937.17000000,49923.25000000,0.00538600,0.04275000,3.067845999999998,11.154052000000007
2021-02-25T17:14:02.247899,49937.49000000,49935.08000000,0.02500000,0.03900800,6.103813,6.578802
2021-02-25T17:14:07.760839,49991.45000000,49989.78000000,1.03729000,0.52000000,12.509286999999999,16.94612600000001
2021-02-25T17:14:13.677738,50015.69000000,50015.68000000,0.95345500,1.77965500,5.0719350000000025,3.520093999999999
2021-02-25T17:14:19.168006,50038.95000000,50031.03000000,0.02933300,0.29364400,5.132963000000002,3.1858290000000005
2021-02-25T17:14:24.654709,50073.20000000,50067.66000000,0.00998800,0.01525700,6.006017000000003,1.3069659999999996
2021-02-25T17:14:30.142974,50061.73000000,50058.28000000,0.21694900,0.11180800,2.9045729999999996,1.732479
2021-02-25T17:14:35.630125,50052.52000000,50052.51000000,0.02696600,0.26000000,4.871769000000002,5.515537000000003
2021-02-25T17:14:41.113945,50058.23000000,50058.22000000,0.00999100,1.27774100,5.0121210000000005,3.2380150000000016
2021-02-25T17:14:46.606486,50088.00000000,50085.48000000,0.94346200,1.00000000,1.1700659999999998,1.098167
2021-02-25T17:14:52.089214,50084.06000000,50075.94000000,0.30000000,0.11247100,2.803830000000001,1.3087569999999997
2021-02-25T17:14:57.573454,50088.56000000,50088.55000000,0.27769300,0.11967800,1.169317,1.2482290000000005
2021-02-25T17:15:03.056090,50061.10000000,50058.44000000,0.58541100,0.06098700,4.913447000000001,5.459171999999998
2021-02-25T17:15:08.540188,50014.73000000,50014.72000000,0.83274200,0.26031200,2.093833,6.660618999999999
2021-02-25T17:15:14.460554,49957.32000000,49949.12000000,0.00600000,0.40000000,2.042970999999999,7.212315000000003
2021-02-25T17:15:19.948506,49945.69000000,49933.62000000,0.41343100,0.03297200,1.60636,4.556022
2021-02-25T17:15:25.432502,49895.97000000,49890.00000000,0.56145900,1.30019900,2.2368319999999997,4.918002999999997
2021-02-25T17:15:30.919625,49926.44000000,49919.18000000,0.03405600,0.04539400,2.8525139999999998,3.768582
2021-02-25T17:15:36.410571,49970.76000000,49966.39000000,0.01330500,0.05013600,5.287358999999998,3.3174979999999996
2021-02-25T17:15:41.904660,49935.43000000,49928.28000000,0.05424300,0.05370600,1.917342,5.0035680000000005
2021-02-25T17:15:47.393237,49874.54000000,49870.59000000,0.26000000,0.21647900,0.399902,3.590677
2021-02-25T17:15:52.880150,49818.30000000,49818.29000000,0.00300700,1.31532700,16.099976000000005,9.642632999999995
2021-02-25T17:15:58.376338,49823.41000000,49820.15000000,0.04452400,0.26000000,5.708013999999999,22.966607000000007
2021-02-25T17:16:03.870539,49854.96000000,49852.48000000,0.00600000,0.08856200,9.745742000000005,6.127878999999997
2021-02-25T17:16:09.359979,49847.61000000,49844.86000000,0.01014500,1.06884400,3.9809399999999986,4.066578999999999
2021-02-25T17:16:14.845791,49850.01000000,49849.38000000,0.52000000,0.00179200,2.6985939999999995,10.245842000000005
2021-02-25T17:16:20.335978,49887.06000000,49874.00000000,0.00703600,0.03096000,5.384305000000001,3.405047
2021-02-25T17:16:25.818817,49881.46000000,49873.33000000,0.04253900,0.02759500,4.624334,1.4408540000000005
2021-02-25T17:16:31.306759,49856.98000000,49856.97000000,0.50931700,0.01385000,3.653787,5.966431000000002
2021-02-25T17:16:36.801723,49845.36000000,49834.61000000,0.03131200,0.03432700,0.9666320000000002,4.469203000000001
2021-02-25T17:16:42.291347,49801.92000000,49801.91000000,0.01004200,0.51529800,4.614838000000001,4.143365000000001
2021-02-25T17:16:47.779939,49831.34000000,49823.25000000,0.01003600,0.79733600,1.7270770000000002,5.729410000000001
2021-02-25T17:16:53.270682,49831.53000000,49829.61000000,0.18060400,1.23967300,1.090973,4.288735000000002
2021-02-25T17:16:58.756423,49861.56000000,49861.55000000,0.30449700,0.01760100,3.9571709999999984,4.097833
2021-02-25T17:17:04.241804,49888.16000000,49878.57000000,0.00431400,0.05327100,2.3371789999999995,1.7850009999999996
2021-02-25T17:17:09.733902,49933.55000000,49930.59000000,0.26000000,0.03399900,16.019323000000014,2.3203600000000004
2021-02-25T17:17:15.227182,49970.44000000,49970.43000000,0.01000800,0.20442200,3.7130269999999976,2.6957169999999993
2021-02-25T17:17:20.725302,50026.91000000,50023.85000000,0.03280100,0.29235000,10.245559000000004,2.7088579999999984
2021-02-25T17:17:26.209278,50031.42000000,50023.65000000,0.51435000,1.01078000,2.4332279999999997,7.329280000000001
2021-02-25T17:17:32.127377,49976.01000000,49972.04000000,0.00934600,0.51118000,3.8663279999999993,3.9212680000000004
2021-02-25T17:17:37.621809,49944.92000000,49944.91000000,0.01001300,0.56278000,2.1961439999999994,2.751524
2021-02-25T17:17:43.115939,50000.00000000,49992.01000000,0.00498200,0.05174400,2.3074270000000006,0.8667680000000003
2021-02-25T17:17:48.605143,50021.63000000,50021.62000000,0.25305400,0.00000800,2.0533339999999995,1.6352439999999997
2021-02-25T17:17:54.090148,50054.67000000,50053.13000000,0.09194900,0.09604800,2.4580209999999996,0.6948350000000001
2021-02-25T17:17:59.577090,50050.25000000,50048.96000000,0.27619000,0.25613400,1.9277050000000002,5.580485999999999
2021-02-25T17:18:05.067402,50073.42000000,50073.41000000,0.26000000,0.17913500,7.137447999999998,3.813984999999999
2021-02-25T17:18:10.989062,50100.00000000,50099.99000000,0.95942400,0.29593100,4.190430999999999,4.7305459999999995
2021-02-25T17:18:16.472897,50136.47000000,50132.72000000,0.00997600,0.14700000,4.299369999999999,1.5100999999999998
2021-02-25T17:18:21.979633,50134.00000000,50118.02000000,0.40000000,0.26000000,7.732518000000004,3.9991709999999996
2021-02-25T17:18:27.470181,50183.71000000,50183.70000000,0.00024100,0.40981100,3.4219469999999994,0.3874189999999999
2021-02-25T17:18:33.384529,50159.98000000,50156.72000000,0.02279800,1.00000000,2.369870999999999,1.832948
2021-02-25T17:18:38.885332,50211.89000000,50211.88000000,0.00001000,0.37721700,2.128439000000001,1.1050460000000004
2021-02-25T17:18:44.371588,50237.70000000,50237.69000000,0.00486800,1.00821000,12.244966000000003,5.605670999999998
2021-02-25T17:18:49.886128,50186.69000000,50184.96000000,0.00482500,0.26000000,2.258921,6.024507999999998
2021-02-25T17:18:55.373738,50196.87000000,50196.86000000,0.05874600,0.19086100,3.1301549999999985,10.000594999999999
2021-02-25T17:19:00.861055,50145.52000000,50136.17000000,0.15185200,0.06859900,2.0655060000000005,4.577911
2021-02-25T17:19:06.365018,50164.95000000,50152.13000000,0.00740200,0.04951000,1.9917529999999999,3.264366
2021-02-25T17:19:11.848780,50206.01000000,50206.00000000,0.81112800,1.70920000,2.2575489999999996,2.157974999999999
2021-02-25T17:19:17.341560,50202.77000000,50193.25000000,0.15500700,0.01641300,3.6054949999999995,2.799832999999999
2021-02-25T17:19:22.826053,50236.91000000,50230.56000000,0.00761100,0.26359900,2.2106709999999996,1.201773
2021-02-25T17:19:28.311050,50251.28000000,50245.48000000,0.06533000,0.34413000,3.757275,4.255018
2021-02-25T17:19:33.804389,50261.19000000,50247.65000000,0.46878800,0.04360300,3.6648250000000004,1.4307859999999994
2021-02-25T17:19:39.298724,50238.82000000,50224.05000000,0.04075900,0.02444800,1.9476899999999995,3.98717
2021-02-25T17:19:44.787310,50201.76000000,50201.75000000,0.15760800,0.00000200,2.653326,2.024922
2021-02-25T17:19:50.273183,50215.82000000,50206.46000000,0.12600100,0.02259600,7.861350000000001,1.3933719999999996
2021-02-25T17:19:55.762527,50196.59000000,50186.93000000,0.57968000,0.10132300,1.3714160000000004,2.1052319999999995
2021-02-25T17:20:01.250179,50227.84000000,50224.79000000,0.00100000,0.27334300,26.235688,0.294262
2021-02-25T17:20:06.737028,50261.08000000,50257.25000000,1.00000000,0.00596900,3.3424940000000003,0.9206260000000003
2021-02-25T17:20:12.659856,50289.18000000,50285.17000000,0.99946300,0.15230300,1.9957409999999993,1.6376279999999999
2021-02-25T17:20:18.583249,50256.15000000,50256.14000000,0.66838200,1.70827200,1.4511999999999992,3.636524
2021-02-25T17:20:24.072734,50280.00000000,50279.99000000,0.00019900,0.26000000,1.675224,1.5019880000000003
2021-02-25T17:20:29.559711,50272.11000000,50264.80000000,0.21974100,0.12836900,1.0219900000000002,2.6573359999999995
2021-02-25T17:20:35.052534,50298.95000000,50293.69000000,0.00000200,0.04816400,2.1868720000000006,0.8340829999999998
2021-02-25T17:20:40.536102,50298.96000000,50298.95000000,0.55381100,0.22828100,2.785109000000001,1.4020930000000003
2021-02-25T17:20:46.019433,50300.00000000,50299.98000000,4.03057800,0.22096900,4.400648000000001,6.877612999999999
2021-02-25T17:20:51.519862,50300.00000000,50299.99000000,2.25084500,0.13040300,2.320136,0.822134
2021-02-25T17:20:57.002745,50305.07000000,50301.04000000,0.32417100,0.09900000,1.910626,1.493334
2021-02-25T17:21:02.488408,50303.65000000,50297.96000000,0.23959000,0.14390900,1.6212729999999995,1.526238
2021-02-25T17:21:07.973703,50261.60000000,50261.59000000,0.42409800,0.92778800,2.247027,4.070053000000001
2021-02-25T17:21:13.889191,50236.86000000,50229.94000000,0.00100000,0.01836800,1.503001999999999,1.7163100000000002
2021-02-25T17:21:19.372364,50234.21000000,50234.20000000,0.00078000,1.11829100,0.62077,1.1592060000000002
2021-02-25T17:21:24.919475,50215.42000000,50205.89000000,0.00081100,0.07710200,0.40167200000000003,2.2512049999999997
2021-02-25T17:21:30.448561,50207.12000000,50207.09000000,0.06102300,0.00599800,5.007509999999999,3.602912000000001
2021-02-25T17:21:35.933025,50237.36000000,50235.17000000,0.15390700,0.05937400,1.1718559999999998,1.4056649999999997
2021-02-25T17:21:41.413184,50266.24000000,50259.92000000,0.08000000,0.03649700,1.68255,0.49809799999999993
2021-02-25T17:21:46.913418,50240.47000000,50240.46000000,0.24768700,0.08578100,1.203291,0.8865080000000001
2021-02-25T17:21:52.400010,50219.11000000,50211.47000000,0.38487000,0.34256300,1.1032079999999997,3.4596329999999997
2021-02-25T17:21:57.880746,50202.54000000,50200.04000000,0.25000000,1.40754200,1.9799490000000002,3.2345539999999993
2021-02-25T17:22:03.366119,50215.67000000,50215.66000000,0.17921200,0.24000000,4.6297060000000005,7.030436999999999
2021-02-25T17:22:08.848149,50250.86000000,50249.98000000,1.00000000,0.00159100,1.4306990000000002,0.5096330000000001
2021-02-25T17:22:14.763744,50237.72000000,50237.71000000,0.00850200,0.61385600,0.10641699999999998,2.4891339999999995
2021-02-25T17:22:20.680038,50230.94000000,50226.54000000,0.05424600,0.00000900,0.8408009999999998,0.9775049999999997
2021-02-25T17:22:26.165819,50213.11000000,50208.71000000,0.07185900,0.03033800,0.221067,1.515138
2021-02-25T17:22:31.652447,50221.99000000,50214.32000000,0.01008700,0.24000000,1.6981950000000001,1.9563490000000001
2021-02-25T17:22:37.149238,50217.66000000,50217.65000000,0.26000000,0.37398800,2.3343079999999987,1.3174210000000002
2021-02-25T17:22:42.631116,50234.17000000,50231.68000000,0.02184400,0.16672000,0.23901399999999998,0.5280279999999999
2021-02-25T17:22:48.119557,50268.24000000,50262.25000000,0.14013300,0.05650500,1.0766599999999997,0.8329390000000001
2021-02-25T17:22:53.600839,50228.45000000,50221.23000000,0.00667200,1.55000000,0.46325600000000017,1.2975990000000002
2021-02-25T17:22:59.089256,50207.84000000,50204.78000000,0.03867000,0.19781200,0.23368699999999995,2.8424270000000003
2021-02-25T17:23:04.572526,50210.00000000,50209.85000000,0.24034200,0.48522000,0.5767699999999999,2.2220440000000004
2021-02-25T17:23:10.055885,50200.87000000,50200.06000000,0.14289900,0.04908400,0.9096609999999999,3.9740690000000005
2021-02-25T17:23:15.975468,50174.00000000,50173.99000000,0.00011800,2.19137400,1.6184580000000002,15.174731999999997
2021-02-25T17:23:21.471352,50173.54000000,50169.63000000,0.47297800,0.08606200,0.7605640000000001,1.3383589999999999
2021-02-25T17:23:26.960168,50233.85000000,50225.86000000,1.00000000,0.25000000,3.6729640000000003,0.24071400000000007
2021-02-25T17:23:32.448200,50212.89000000,50204.39000000,0.14000000,0.12332600,0.7941199999999999,0.440877
2021-02-25T17:23:37.933004,50238.45000000,50238.44000000,0.00002100,2.38561200,0.760403,1.1968439999999998
2021-02-25T17:23:43.417564,50234.53000000,50227.76000000,0.24073900,0.25672600,0.27068699999999996,1.7377949999999998
2021-02-25T17:23:48.910983,50237.89000000,50224.33000000,0.30438000,0.18452900,0.335763,0.330028
2021-02-25T17:23:54.393588,50245.44000000,50237.40000000,0.46097800,0.16559200,0.716594,1.1721030000000001
2021-02-25T17:23:59.876980,50243.36000000,50243.35000000,0.33804000,0.00025000,0.31481000000000003,0.111477
2021-02-25T17:24:05.366034,50285.92000000,50285.91000000,0.09162100,0.31115700,3.440897,0.652576
2021-02-25T17:24:10.854099,50238.90000000,50236.37000000,0.26000000,0.49209100,0.8543580000000001,6.363171000000002
2021-02-25T17:24:16.340581,50226.95000000,50221.22000000,0.10488000,0.44273700,3.121446999999998,1.621905
2021-02-25T17:24:22.258322,50205.85000000,50202.81000000,0.01363300,0.06415200,6.546548999999998,18.05638
2021-02-25T17:24:27.756252,50200.67000000,50200.66000000,1.11963000,0.49632800,0.8200429999999999,1.024336
2021-02-25T17:24:33.241799,50176.20000000,50176.19000000,0.32134300,1.17270000,5.519473000000001,10.61524100000001
2021-02-25T17:24:38.726684,50174.80000000,50172.00000000,0.19893100,1.00000000,0.7664360000000002,1.5765609999999997
2021-02-25T17:24:44.648001,50150.01000000,50150.00000000,1.78605800,2.29407300,0.654654,1.4118359999999999
2021-02-25T17:24:50.135254,50132.05000000,50128.45000000,1.00000000,0.01235100,0.7327760000000002,4.997160999999998
2021-02-25T17:24:55.629485,50102.90000000,50100.38000000,0.01973200,0.08352600,2.062278999999999,3.000715000000001
2021-02-25T17:25:01.144119,50118.95000000,50117.79000000,0.08702500,0.01999500,1.323202,3.576936000000001
2021-02-25T17:25:06.695433,50084.86000000,50081.95000000,0.26000000,0.07110200,1.9651220000000003,3.207812
2021-02-25T17:25:12.183522,50067.23000000,50054.29000000,0.01119900,0.03530500,4.362645000000001,9.963571999999994
2021-02-25T17:25:17.672232,50113.81000000,50103.06000000,0.11385700,0.20000000,3.815238,2.5329999999999995
2021-02-25T17:25:23.591854,50064.42000000,50056.58000000,0.89881000,0.26494200,1.571511,4.88113
2021-02-25T17:25:29.074409,50052.25000000,50047.04000000,0.28574600,1.21486200,2.06021,4.677529000000002
2021-02-25T17:25:34.571454,50049.44000000,50044.74000000,0.08496800,0.10250400,1.2536880000000006,0.7942359999999999
2021-02-25T17:25:40.107853,50031.36000000,50031.35000000,0.48449300,0.01090400,0.526728,1.368198
2021-02-25T17:25:45.601034,50045.25000000,50030.65000000,0.06957700,0.01429600,0.7923209999999996,3.091631000000001
2021-02-25T17:25:51.100047,50030.26000000,50028.29000000,0.06780400,0.11759700,0.21551599999999999,1.8278569999999998
2021-02-25T17:25:56.591678,49999.22000000,49989.80000000,0.39400200,1.42394900,1.2066320000000004,7.136454999999998
2021-02-25T17:26:02.077594,50002.42000000,50000.00000000,0.03604200,0.36567100,11.266503999999998,8.621652999999998
2021-02-25T17:26:07.565876,50015.06000000,50014.66000000,0.26077200,0.34768900,2.228728,2.6654080000000007
2021-02-25T17:26:13.052187,49998.18000000,49993.95000000,0.09332500,0.99664800,1.8757970000000004,1.461729
2021-02-25T17:26:18.970522,49988.21000000,49988.20000000,0.32132100,0.01000000,2.778364999999999,1.554741
2021-02-25T17:26:24.886659,50002.29000000,49998.92000000,0.18397500,0.07102900,1.790475,1.042344
2021-02-25T17:26:30.376753,50027.75000000,50027.73000000,0.30787100,0.25484200,3.432303000000001,0.3388160000000001
2021-02-25T17:26:35.862266,49972.02000000,49972.01000000,0.22164700,0.11800000,3.670665,2.801953999999999
2021-02-25T17:26:41.381775,49968.81000000,49963.06000000,0.03639500,0.01000500,4.280889,3.731321
2021-02-25T17:26:46.869315,49935.33000000,49931.54000000,0.02254400,0.13062000,4.379854,3.763281000000001
2021-02-25T17:26:52.350003,49940.22000000,49924.55000000,0.12835400,0.88642200,0.583412,3.37278
2021-02-25T17:26:57.847113,49924.52000000,49915.64000000,0.32393200,1.96879500,13.662267999999997,20.200236999999998
2021-02-25T17:27:03.339518,49939.35000000,49932.91000000,1.00000000,0.01392900,9.499017999999998,3.4379239999999993
2021-02-25T17:27:08.825905,49921.84000000,49906.73000000,0.07360100,1.33645100,1.1390690000000006,2.7777980000000007
2021-02-25T17:27:14.312142,49900.00000000,49899.99000000,0.00008800,0.35515000,1.9204159999999997,1.7438750000000003
2021-02-25T17:27:19.793120,49916.32000000,49910.50000000,0.98099100,0.05662200,2.5508299999999995,1.8368769999999999
2021-02-25T17:27:25.718372,49931.45000000,49931.44000000,0.15806400,0.48760600,2.556710000000001,1.3657150000000002
2021-02-25T17:27:31.201323,49969.76000000,49965.50000000,0.14427500,1.42306200,9.941774,1.2716910000000001
2021-02-25T17:27:36.705560,49972.58000000,49970.10000000,0.18912700,0.46800800,4.456872999999998,0.6044460000000001
2021-02-25T17:27:42.197371,49990.99000000,49980.60000000,0.07742200,0.52000000,1.419308,0.5358910000000001
2021-02-25T17:27:47.683728,49979.50000000,49971.79000000,0.04374700,0.02863900,0.6250220000000002,1.7151139999999998
2021-02-25T17:27:53.166754,49937.78000000,49923.05000000,0.07322200,1.00000000,0.4352809999999999,0.5625549999999998
2021-02-25T17:27:58.651191,49957.14000000,49953.07000000,0.52000000,0.15000800,0.9151430000000003,3.7041119999999994
2021-02-25T17:28:04.137856,49993.48000000,49981.89000000,0.14870100,0.29200300,2.0210879999999998,2.0123569999999997
2021-02-25T17:28:09.624161,49925.51000000,49925.50000000,0.25000000,1.84509200,1.5761939999999999,2.8031670000000006
2021-02-25T17:28:15.109223,49954.57000000,49948.03000000,0.00500000,0.26000000,1.5595500000000002,2.2070990000000004
2021-02-25T17:28:21.021904,49907.42000000,49902.83000000,1.00000000,0.25712900,1.043254,0.43393100000000007
2021-02-25T17:28:26.502970,49864.06000000,49864.05000000,0.04743000,0.24086000,0.6638129999999999,2.27157
2021-02-25T17:28:31.991084,49850.77000000,49840.00000000,0.51752100,0.04235900,1.7870600000000005,5.4734089999999975
2021-02-25T17:28:37.483721,49845.07000000,49835.14000000,1.00000000,0.08198300,3.2369959999999978,1.5306579999999999
2021-02-25T17:28:42.979131,49845.21000000,49842.67000000,0.33635300,0.26000000,4.227217,3.0549429999999997
2021-02-25T17:28:48.463852,49855.36000000,49847.65000000,1.02147900,0.16500000,1.2566140000000003,1.675562
2021-02-25T17:28:53.953214,49842.80000000,49842.71000000,0.04489100,0.00000100,4.1552989999999985,3.336381
2021-02-25T17:28:59.440082,49849.49000000,49841.00000000,0.07958900,0.02738600,0.6884380000000001,2.4420050000000004
2021-02-25T17:29:04.925166,49875.81000000,49875.80000000,0.05805000,0.00000100,2.126835,1.3810669999999998
2021-02-25T17:29:10.431486,49870.15000000,49870.14000000,0.22705300,0.03175100,1.146201,0.6380640000000001
2021-02-25T17:29:15.920277,49887.91000000,49872.00000000,0.16949700,0.04607400,0.5611219999999999,1.2943699999999998
2021-02-25T17:29:21.835551,49841.49000000,49841.48000000,0.80789700,0.00002100,0.44942600000000016,4.192659000000001
2021-02-25T17:29:27.751738,49862.24000000,49857.16000000,0.16117500,0.02005700,1.4485659999999998,3.287855000000001
2021-02-25T17:29:33.233069,49825.43000000,49825.42000000,0.62847500,0.00000900,0.9696869999999999,3.658099000000001
2021-02-25T17:29:38.724302,49750.53000000,49750.52000000,0.37175900,0.74547600,3.3906349999999996,20.771234000000003
2021-02-25T17:29:44.216804,49702.86000000,49700.00000000,0.40452700,6.97022200,3.6423680000000003,12.225487999999997
2021-02-25T17:29:49.712048,49738.12000000,49721.68000000,0.26000000,0.22000000,10.549490999999996,23.06690100000001
2021-02-25T17:29:55.198398,49717.85000000,49702.88000000,1.43956100,0.18315700,3.0864469999999984,7.252632
2021-02-25T17:30:00.680709,49714.50000000,49684.60000000,1.00000000,0.03630000,2.988944000000001,8.909988
2021-02-25T17:30:06.168427,49775.00000000,49762.03000000,0.57454600,0.00024300,3.809959,5.042645
2021-02-25T17:30:11.654183,49749.97000000,49744.73000000,0.02023100,0.04109300,6.664857999999995,3.80036
2021-02-25T17:30:17.139632,49653.72000000,49650.00000000,0.07849700,0.51887200,7.373364,15.705656000000005
2021-02-25T17:30:22.627085,49575.89000000,49570.00000000,0.17004600,1.40434600,6.926582000000004,31.990605999999982
2021-02-25T17:30:28.126428,49675.77000000,49664.40000000,0.43069400,1.00000000,11.615407999999992,10.393620000000006
2021-02-25T17:30:33.619755,49656.86000000,49649.27000000,0.24233600,1.20808900,8.240026000000004,15.289025000000004
2021-02-25T17:30:39.114373,49675.84000000,49665.92000000,0.99497300,0.14370600,2.9752799999999997,13.172056000000005
2021-02-25T17:30:44.602751,49650.01000000,49650.00000000,2.89993800,17.78254000,7.045259,7.710067000000002
2021-02-25T17:30:50.086909,49628.22000000,49615.13000000,1.00000000,0.10000000,0.6138119999999999,20.878061999999996
2021-02-25T17:30:55.574216,49627.00000000,49626.99000000,0.00003200,0.50000000,1.7085249999999998,3.5461959999999992
2021-02-25T17:31:01.063850,49629.75000000,49617.70000000,0.07650700,0.00025500,1.2734619999999996,2.9408049999999997
2021-02-25T17:31:06.555850,49650.01000000,49650.00000000,0.07828400,0.64870300,3.9066029999999987,3.195777999999999
2021-02-25T17:31:12.042419,49664.76000000,49655.86000000,0.00270800,0.07311900,4.326159999999997,2.3468400000000003
2021-02-25T17:31:17.531847,49657.35000000,49657.11000000,0.00600000,0.04575500,2.4973339999999995,4.006992999999999
2021-02-25T17:31:23.445997,49622.48000000,49615.51000000,0.37940900,0.83094200,1.006785,2.296979999999999
2021-02-25T17:31:29.364324,49670.88000000,49667.48000000,0.00100000,0.58162500,5.344489000000002,3.1374269999999997
2021-02-25T17:31:34.851850,49646.80000000,49646.79000000,0.45805300,0.26019200,1.1563240000000001,2.6496860000000004
2021-02-25T17:31:40.334634,49615.85000000,49607.82000000,0.19933200,0.99358300,2.5359490000000005,3.024011
2021-02-25T17:31:45.827588,49613.62000000,49613.61000000,0.51290000,0.00753700,2.3656889999999997,3.689808
2021-02-25T17:31:51.313754,49600.01000000,49600.00000000,0.90477700,4.70418900,0.376367,5.103313
2021-02-25T17:31:56.805219,49573.14000000,49573.13000000,0.35393200,1.79467800,1.7811389999999998,6.189953999999999
2021-02-25T17:32:02.293234,49562.41000000,49562.40000000,0.43312400,0.00000400,6.847975000000001,2.805118000000001
2021-02-25T17:32:07.782753,49649.95000000,49637.84000000,0.18123300,0.09817500,3.456093999999995,1.4281659999999998
2021-02-25T17:32:13.270565,49670.48000000,49665.98000000,0.52000000,0.17198000,2.1849480000000012,1.8680019999999988
2021-02-25T17:32:18.758867,49744.11000000,49725.24000000,1.00000000,1.60084400,9.710905000000004,1.5654229999999996
2021-02-25T17:32:24.678177,49750.01000000,49742.71000000,0.17357200,0.05200700,3.8589620000000004,0.8727970000000002
2021-02-25T17:32:30.164941,49734.30000000,49721.74000000,0.12532500,0.66103800,2.3681710000000016,2.9075390000000016
2021-02-25T17:32:35.654566,49767.30000000,49761.99000000,0.06789300,0.27463100,2.9893330000000002,1.2975899999999996
2021-02-25T17:32:41.138398,49792.61000000,49792.60000000,1.03064400,0.11420000,2.6794889999999993,2.5671580000000005
2021-02-25T17:32:46.625809,49786.21000000,49783.62000000,0.25954800,0.09339200,2.345245999999999,2.3236
2021-02-25T17:32:52.114756,49782.21000000,49782.19000000,0.22937600,0.00550600,4.374166000000002,3.2449679999999996
2021-02-25T17:32:57.599840,49839.95000000,49839.94000000,0.00022400,1.20376400,3.4534209999999987,2.547817
2021-02-25T17:33:03.090913,49930.84000000,49927.13000000,0.00020500,0.32329000,15.437188999999995,7.761638000000005
2021-02-25T17:33:08.578390,49907.59000000,49901.00000000,0.01002100,0.11903000,6.290909999999998,4.531761000000001
2021-02-25T17:33:14.064060,49865.44000000,49864.26000000,0.12356000,0.12251200,2.697920999999999,4.493114
2021-02-25T17:33:19.553650,49874.37000000,49874.36000000,0.00507700,0.28567100,1.4494760000000002,2.053242
2021-02-25T17:33:25.042426,49815.15000000,49815.14000000,0.00000300,1.17663000,2.997181,4.188597999999998
2021-02-25T17:33:30.532283,49784.36000000,49781.74000000,0.25000000,0.01571400,2.5361979999999997,3.372367
2021-02-25T17:33:36.019325,49843.22000000,49832.89000000,0.01000000,0.04728000,7.699470000000003,1.5618930000000006
2021-02-25T17:33:41.520746,49743.73000000,49723.98000000,1.00000000,2.19798800,2.9520630000000003,5.731361
2021-02-25T17:33:47.006889,49765.79000000,49765.78000000,0.44640400,0.26000000,5.713974,2.0507680000000006
2021-02-25T17:33:52.491116,49766.87000000,49766.86000000,0.36224300,0.26000000,4.519352999999998,1.3491029999999995
2021-02-25T17:33:57.977868,49722.79000000,49722.78000000,1.36004600,0.24470000,1.2161799999999996,1.788204
2021-02-25T17:34:03.462306,49730.61000000,49730.00000000,0.10696900,0.00600000,4.2503020000000005,4.52282
2021-02-25T17:34:08.959029,49761.45000000,49761.44000000,0.00001200,1.13025200,5.194157,0.967164
2021-02-25T17:34:14.441748,49768.22000000,49761.20000000,1.00000000,0.00643700,3.970049999999999,0.7220880000000001
2021-02-25T17:34:19.926713,49763.39000000,49759.04000000,0.26000000,0.13352500,1.6544430000000006,0.812476
2021-02-25T17:34:25.414712,49783.28000000,49777.24000000,0.01004600,0.06420900,5.508121999999998,4.038367000000001
2021-02-25T17:34:30.905909,49842.63000000,49825.17000000,0.29700000,0.26000000,12.689120999999998,1.2432000000000005
2021-02-25T17:34:36.404247,49810.19000000,49809.14000000,0.23876800,0.26000000,2.369258,1.58463
2021-02-25T17:34:41.890404,49824.26000000,49824.25000000,0.00549400,0.44062300,1.6355430000000004,0.549561
2021-02-25T17:34:47.374140,49822.67000000,49816.72000000,0.00462300,0.24797900,2.783493,1.4920620000000016
2021-02-25T17:34:52.859931,49827.52000000,49820.37000000,0.51909700,0.38431500,1.9845400000000004,2.2661369999999996
2021-02-25T17:34:58.345477,49859.75000000,49859.74000000,0.90628500,1.43702000,8.757147,1.7233829999999999
2021-02-25T17:35:03.840316,49900.85000000,49900.00000000,0.00020200,0.04974000,2.3418619999999994,1.6175189999999997
2021-02-25T17:35:09.327747,49881.77000000,49875.60000000,0.06780900,0.03777400,0.87435,1.9802189999999995
2021-02-25T17:35:14.823419,49850.01000000,49850.00000000,0.40715700,0.53685600,1.3155219999999999,0.153838
2021-02-25T17:35:20.313806,49827.59000000,49827.58000000,0.71346500,1.48776900,1.8185209999999998,1.449006
2021-02-25T17:35:25.804216,49870.50000000,49866.67000000,0.24000000,0.03213700,2.1930089999999995,2.051349
2021-02-25T17:35:31.293007,49858.73000000,49850.01000000,0.15070100,0.49131400,1.9423320000000002,0.9649559999999999
2021-02-25T17:35:36.781497,49813.15000000,49813.14000000,0.15891700,1.53529600,1.5575579999999998,6.1779600000000015
2021-02-25T17:35:42.272161,49802.90000000,49802.89000000,0.11061000,0.25864800,0.9290990000000001,0.287023
2021-02-25T17:35:47.754029,49775.26000000,49771.42000000,0.18078700,0.04256900,4.739592,20.647146
2021-02-25T17:35:53.238739,49844.50000000,49833.56000000,0.47000000,0.01003100,3.477588000000001,1.8161460000000003
2021-02-25T17:35:58.724355,49830.36000000,49830.35000000,0.48487700,0.90460500,1.1630359999999997,2.6657399999999996
2021-02-25T17:36:04.210286,49761.19000000,49752.73000000,0.25318800,1.00000000,0.8617439999999998,2.2383529999999996
2021-02-25T17:36:09.694146,49754.82000000,49740.77000000,0.24000000,0.20049300,0.535533,0.931528
2021-02-25T17:36:15.178592,49757.43000000,49746.86000000,0.20222800,0.13865000,6.342712000000001,2.1925630000000007
2021-02-25T17:36:20.664636,49769.33000000,49767.42000000,0.00717700,0.04353900,3.4557140000000013,2.501706000000001
2021-02-25T17:36:26.152039,49774.29000000,49759.39000000,0.04829800,1.00000000,7.287464999999994,3.6424919999999994
2021-02-25T17:36:31.640944,49802.94000000,49793.97000000,1.05800900,0.20527700,1.7770440000000005,1.568919
2021-02-25T17:36:37.125082,49815.57000000,49815.56000000,1.79454800,0.00000700,3.6504980000000016,0.3565020000000001
2021-02-25T17:36:42.608127,49816.18000000,49816.17000000,0.16914200,1.50993300,6.158194999999998,1.884867
2021-02-25T17:36:48.093087,49841.20000000,49841.19000000,0.00988300,2.49221600,1.8900780000000004,3.026767999999999
2021-02-25T17:36:53.574095,49880.70000000,49874.60000000,1.65563300,0.50000000,2.3284349999999994,2.993548000000001
2021-02-25T17:36:59.055544,49892.54000000,49874.37000000,0.24000000,0.24000000,1.167551,0.6816049999999999
2021-02-25T17:37:04.535132,49889.61000000,49889.60000000,0.67390900,0.20000000,0.8086789999999998,0.7473369999999999
2021-02-25T17:37:10.028848,49924.05000000,49924.04000000,0.00016400,1.59803400,1.3468120000000006,0.790732
2021-02-25T17:37:15.515430,49911.04000000,49911.03000000,0.14593900,1.30326600,0.7666689999999999,1.6606339999999997
2021-02-25T17:37:21.002448,49915.29000000,49912.26000000,0.23051900,0.00042200,2.2703029999999993,16.069574
2021-02-25T17:37:26.486607,49885.02000000,49881.04000000,0.19014300,0.83455200,0.691032,5.6191569999999995
2021-02-25T17:37:32.409742,49854.49000000,49854.48000000,0.68920000,0.82005800,0.8842890000000001,4.081239
2021-02-25T17:37:37.896183,49839.69000000,49825.11000000,0.09345300,0.24000000,1.7330270000000003,2.8382590000000003
2021-02-25T17:37:43.381233,49827.81000000,49813.29000000,0.14341400,0.24000000,0.302418,1.546891
2021-02-25T17:37:48.866723,49809.36000000,49802.63000000,0.12926500,1.42435800,0.707792,0.35149699999999995
2021-02-25T17:37:54.350221,49800.01000000,49800.00000000,0.70107000,0.47498300,0.5569750000000001,2.633205
2021-02-25T17:37:59.835476,49809.44000000,49802.62000000,0.09691400,1.83492100,5.267657999999999,2.736728
2021-02-25T17:38:05.325967,49843.80000000,49839.79000000,0.09443300,0.08132600,2.544937,1.586827999999999
2021-02-25T17:38:10.816159,49850.03000000,49847.45000000,0.01345100,0.51870000,1.0878400000000001,0.5289980000000001
2021-02-25T17:38:16.306118,49834.52000000,49825.64000000,0.01945700,0.97288200,2.8607449999999996,2.3977869999999992
2021-02-25T17:38:21.792964,49834.81000000,49834.80000000,0.49680100,0.10003300,1.7282859999999998,0.625312
2021-02-25T17:38:27.278582,49848.18000000,49848.17000000,0.15936100,0.40332700,0.9066339999999997,0.579988
2021-02-25T17:38:32.764737,49888.50000000,49888.49000000,0.05326700,0.25000000,7.251446000000001,3.2246810000000004
2021-02-25T17:38:38.273747,49887.06000000,49887.05000000,2.59722700,0.01116200,1.580127,1.0242270000000002
2021-02-25T17:38:43.765474,49890.22000000,49890.21000000,0.47368700,0.00045800,0.7385499999999998,1.5499419999999997
2021-02-25T17:38:49.250504,49940.02000000,49929.11000000,0.19001600,0.44000000,3.872825,2.5580540000000003
2021-02-25T17:38:54.737434,49928.21000000,49928.20000000,0.00000400,0.80311000,1.967765,1.6119670000000006
2021-02-25T17:39:00.224123,49952.17000000,49941.92000000,1.00000000,0.00056500,5.338701,2.154946999999999
2021-02-25T17:39:05.713150,49934.59000000,49930.16000000,0.23033000,0.99000300,1.6639869999999997,3.4505000000000003
2021-02-25T17:39:11.200723,49928.93000000,49918.01000000,0.10748200,0.49036000,3.0159000000000002,0.875134
2021-02-25T17:39:16.692064,49920.93000000,49918.00000000,0.25159800,0.00245000,4.9273279999999975,1.4980970000000002
2021-02-25T17:39:22.178752,49880.32000000,49872.49000000,0.13581900,0.05018200,0.7854500000000001,1.2787179999999996
2021-02-25T17:39:27.662403,49865.87000000,49859.17000000,0.15877800,0.33924400,0.8250980000000002,1.254339
2021-02-25T17:39:33.164520,49899.42000000,49885.54000000,0.19933300,0.50000000,0.7135959999999999,4.1696800000000005
2021-02-25T17:39:39.098337,49877.79000000,49876.96000000,0.26000000,0.00600000,2.966156000000001,3.6336409999999995
2021-02-25T17:39:44.582766,49836.91000000,49836.90000000,0.26000000,0.03206400,1.4655839999999993,3.1350190000000002
2021-02-25T17:39:50.074870,49853.61000000,49849.45000000,0.05180600,0.10000000,2.4945989999999987,0.48543499999999995
2021-02-25T17:39:55.566971,49858.77000000,49850.30000000,0.12314900,0.11423100,0.938508,3.5061949999999995
2021-02-25T17:40:01.054433,49866.22000000,49854.85000000,0.99333400,0.16619600,1.1720979999999999,1.566716
2021-02-25T17:40:06.537861,49837.20000000,49837.19000000,1.57920400,0.38096500,0.7830550000000001,1.5099610000000008
2021-02-25T17:40:12.024227,49788.65000000,49788.64000000,0.19404800,0.00050900,1.824071,5.665689000000001
2021-02-25T17:40:17.516820,49807.09000000,49798.10000000,0.02995000,0.05892400,2.9570569999999994,6.588484999999998
2021-02-25T17:40:23.000637,49767.02000000,49767.01000000,1.72846100,0.04000000,2.8113410000000005,7.214068999999998
2021-02-25T17:40:28.491071,49774.65000000,49764.22000000,0.06082800,0.06810300,0.8225249999999998,0.5267379999999999
2021-02-25T17:40:34.049431,49767.79000000,49767.78000000,0.97458900,0.26000000,0.8700559999999998,0.628284
2021-02-25T17:40:39.537155,49778.75000000,49778.74000000,0.44133900,0.26858300,5.776422999999999,0.904963
2021-02-25T17:40:45.024251,49809.55000000,49799.37000000,0.06152200,0.00408800,2.4078760000000003,0.9904920000000002
2021-02-25T17:40:50.514763,49810.20000000,49808.00000000,1.00000000,0.36501400,8.941259000000002,2.185256
2021-02-25T17:40:56.006126,49810.40000000,49810.39000000,0.11312100,0.04401200,1.7106319999999995,1.5795340000000002
2021-02-25T17:41:01.489020,49825.70000000,49816.68000000,0.29277000,0.00387400,1.235428,1.4273489999999998
2021-02-25T17:41:06.978005,49832.60000000,49825.72000000,1.00000000,0.30752800,0.810531,1.0111789999999998
2021-02-25T17:41:12.460767,49778.96000000,49770.05000000,1.00000000,0.46848100,2.3298369999999995,10.878849000000004
2021-02-25T17:41:17.948051,49740.76000000,49740.75000000,0.17371400,0.00000400,0.708811,5.589965999999999
2021-02-25T17:41:23.871573,49761.51000000,49753.97000000,0.00444600,0.07237900,2.0333529999999995,3.2155570000000013
2021-02-25T17:41:29.365146,49747.79000000,49733.04000000,0.20440000,0.50000000,0.733714,1.5222670000000007
2021-02-25T17:41:34.850230,49741.96000000,49735.04000000,1.00000000,0.11725400,3.502177999999999,2.49652
2021-02-25T17:41:40.341110,49722.15000000,49721.91000000,0.32701500,0.15000000,1.3309989999999998,2.1954089999999997
2021-02-25T17:41:45.826095,49727.49000000,49727.48000000,0.00126300,2.06906100,0.646278,1.7157499999999994
2021-02-25T17:41:51.303385,49729.50000000,49723.48000000,0.32176800,0.11625700,0.7893170000000002,1.0849499999999999
2021-02-25T17:41:56.787585,49749.81000000,49741.84000000,0.12617700,0.06244000,5.354381999999999,2.9677979999999993
2021-02-25T17:42:02.275126,49740.99000000,49740.98000000,0.51931100,0.09899500,1.1678929999999996,2.6595579999999996
2021-02-25T17:42:07.760682,49728.11000000,49723.68000000,0.02216600,0.96902700,1.501721,3.0458609999999995
2021-02-25T17:42:13.244790,49732.90000000,49732.89000000,2.49478200,0.00911000,5.163269000000003,0.921865
2021-02-25T17:42:18.731777,49723.08000000,49723.07000000,1.10777500,0.00000100,0.6540929999999998,4.419163999999999
2021-02-25T17:42:24.216168,49733.61000000,49726.42000000,1.00000000,0.01758400,0.8500869999999998,1.4513599999999995
2021-02-25T17:42:29.696694,49732.92000000,49732.91000000,0.28955100,1.16331400,3.56585,2.6855499999999997
2021-02-25T17:42:35.190441,49728.83000000,49727.03000000,0.07160800,0.03951700,1.4434209999999998,1.7483279999999999
2021-02-25T17:42:40.673716,49763.37000000,49759.94000000,0.49939900,0.08000000,2.678715,0.9002359999999998
2021-02-25T17:42:46.162000,49756.21000000,49756.20000000,0.67168800,0.00000700,6.988338999999992,4.272852000000001
2021-02-25T17:42:51.651797,49728.31000000,49728.15000000,0.12183000,0.56679500,4.835704999999998,1.2617150000000001
2021-02-25T17:42:57.135516,49746.57000000,49743.69000000,0.01858000,0.05033200,8.39297299999999,1.787679
2021-02-25T17:43:02.625064,49730.01000000,49730.00000000,0.52000000,0.00037200,0.37213700000000005,2.007927
2021-02-25T17:43:08.119822,49724.77000000,49722.48000000,0.01551400,0.02175400,1.8575460000000008,0.422947
2021-02-25T17:43:13.613563,49722.46000000,49720.63000000,0.00742500,0.99316000,0.7764949999999999,3.8085380000000013
2021-02-25T17:43:19.097687,49729.66000000,49729.65000000,0.02670200,0.67596600,2.123643,1.6394449999999998
2021-02-25T17:43:24.613757,49723.35000000,49723.34000000,0.78087700,0.01532500,1.080659,1.4015790000000001
2021-02-25T17:43:30.094993,49721.50000000,49721.49000000,0.50000000,0.03499200,2.3250360000000003,2.226258
2021-02-25T17:43:36.025131,49711.07000000,49711.06000000,0.45584300,0.38855700,0.423659,1.7453510000000003
2021-02-25T17:43:41.992460,49695.31000000,49690.44000000,0.00972800,0.05556300,3.852386,19.997569000000013
2021-02-25T17:43:47.491585,49713.92000000,49709.16000000,0.03883800,0.02645300,2.593766999999999,2.889993
2021-02-25T17:43:52.989494,49710.76000000,49710.75000000,0.52000000,0.12315000,2.2996630000000002,2.960194
2021-02-25T17:43:58.471785,49700.01000000,49700.00000000,2.02896000,0.03800600,0.41312899999999997,0.6525439999999998
2021-02-25T17:44:03.958127,49699.92000000,49699.35000000,0.04830900,0.02000000,1.8639089999999998,2.430893999999999
2021-02-25T17:44:09.446524,49700.00000000,49699.99000000,9.62259600,0.49172800,0.854913,1.0021079999999998
2021-02-25T17:44:14.930098,49670.89000000,49670.88000000,1.99354900,0.00100000,1.4222249999999999,2.4247489999999994
2021-02-25T17:44:20.447303,49655.01000000,49655.00000000,0.68160000,1.00915000,0.5242350000000001,0.3326449999999999
2021-02-25T17:44:25.934829,49630.40000000,49630.39000000,0.70559900,1.24133300,4.505967000000003,3.069713
2021-02-25T17:44:31.428423,49600.01000000,49600.00000000,0.24628900,2.03182100,1.4129239999999998,3.555270999999999
2021-02-25T17:44:36.915406,49662.05000000,49648.82000000,0.00975300,0.05177300,15.040625999999994,7.454230999999998
2021-02-25T17:44:42.849432,49614.21000000,49614.20000000,1.01593300,0.00322400,2.348328000000001,4.618112000000001
2021-02-25T17:44:48.333005,49617.83000000,49617.82000000,0.02599000,1.00437600,11.586113000000001,5.6537700000000015
2021-02-25T17:44:53.819593,49632.55000000,49630.33000000,0.04004800,0.03938700,3.6940299999999997,3.6518039999999994
2021-02-25T17:44:59.303469,49638.89000000,49636.26000000,0.04028500,0.02500600,1.871615,1.8020669999999996
2021-02-25T17:45:04.791733,49695.41000000,49688.51000000,0.14635700,0.06529100,3.3940540000000006,1.5590549999999992
2021-02-25T17:45:10.288138,49699.46000000,49699.28000000,0.00160800,0.16446800,1.6564940000000001,1.0769449999999996
2021-02-25T17:45:15.776245,49699.49000000,49697.09000000,0.00020200,0.00000100,8.101294999999995,1.0057380000000002
2021-02-25T17:45:21.285833,49728.99000000,49727.73000000,0.54751900,0.52000000,11.816409999999994,0.7621479999999999
2021-02-25T17:45:26.804005,49750.00000000,49749.99000000,0.48274000,0.13123500,12.252428,2.911922
2021-02-25T17:45:32.295358,49790.06000000,49782.71000000,0.03308800,0.00769300,4.308783999999999,3.1338910000000006
2021-02-25T17:45:38.216891,49814.23000000,49812.28000000,0.01372800,0.06310500,3.933082,2.3790499999999986
2021-02-25T17:45:43.702914,49834.36000000,49834.35000000,0.00000100,0.41602100,1.5172039999999998,1.327998
2021-02-25T17:45:49.188149,49815.55000000,49811.60000000,0.03172400,0.03356700,2.1964680000000003,2.056246000000001
2021-02-25T17:45:54.678899,49823.73000000,49821.22000000,0.99774100,0.02874800,2.5924750000000008,0.9709479999999998
2021-02-25T17:46:00.164166,49785.50000000,49785.49000000,0.03605300,0.15294900,0.994196,1.5926420000000006
2021-02-25T17:46:05.652656,49838.58000000,49838.57000000,0.01080700,0.41736600,2.459524000000001,1.5661919999999994
2021-02-25T17:46:11.148537,49855.10000000,49855.09000000,1.26000000,0.16187300,2.4556699999999987,3.2662659999999994
2021-02-25T17:46:16.632132,49850.00000000,49849.99000000,0.53910700,0.44323700,3.723622,6.013680999999999
2021-02-25T17:46:22.172177,49851.23000000,49851.22000000,0.01732500,0.04725200,1.9044409999999998,10.318444
2021-02-25T17:46:27.658729,49893.47000000,49890.67000000,0.21654300,0.00171000,5.216859,1.7416510000000014
2021-02-25T17:46:33.144660,49877.77000000,49871.46000000,0.01391400,0.05396700,3.693338999999998,3.10637
2021-02-25T17:46:39.063290,49873.33000000,49873.32000000,0.52516900,0.00419500,2.5218200000000017,1.2827300000000004
2021-02-25T17:46:44.552243,49873.25000000,49870.00000000,0.02669700,0.08112600,1.7510959999999998,0.5807709999999998
2021-02-25T17:46:50.039494,49865.63000000,49865.62000000,0.01912500,0.51768800,1.8351739999999996,1.3039360000000002
2021-02-25T17:46:55.528759,49855.42000000,49855.41000000,0.63300300,0.00001000,1.4585270000000004,1.5135169999999991
2021-02-25T17:47:01.017491,49841.99000000,49841.23000000,0.00618200,0.26000000,0.5549580000000001,2.085815
2021-02-25T17:47:06.512119,49837.95000000,49833.97000000,0.03695400,0.10146400,2.7346519999999996,1.7524559999999996
2021-02-25T17:47:12.000538,49829.86000000,49829.85000000,0.01209700,0.26000000,1.7491810000000005,1.0241200000000004
2021-02-25T17:47:17.494084,49803.56000000,49800.00000000,0.05851700,0.10000000,0.5992079999999999,2.0457039999999997
2021-02-25T17:47:22.990336,49758.73000000,49758.72000000,1.08533500,0.00076900,0.947231,2.908786999999998
2021-02-25T17:47:28.508957,49732.25000000,49731.06000000,0.03176700,0.03961700,1.3112199999999996,1.1546670000000003
2021-02-25T17:47:34.071435,49736.61000000,49736.60000000,0.07961500,1.22641900,2.638921,0.7730270000000001
2021-02-25T17:47:39.985282,49737.54000000,49737.53000000,0.00380300,2.33248900,2.7305789999999988,1.5735179999999998
2021-02-25T17:47:45.472320,49739.28000000,49739.21000000,1.00000000,0.00000800,0.7901880000000002,2.5050630000000003
2021-02-25T17:47:50.960205,49725.19000000,49724.86000000,0.19269400,0.14571200,1.825843,1.146313
2021-02-25T17:47:56.446617,49712.84000000,49712.83000000,0.19403400,0.13516700,0.9996870000000001,0.4890830000000001
2021-02-25T17:48:01.933438,49720.00000000,49717.41000000,0.02752100,0.04822700,1.8132370000000007,1.7276409999999998
2021-02-25T17:48:07.429875,49749.21000000,49745.27000000,0.04938300,0.02523500,4.404961000000001,3.669157000000002
2021-02-25T17:48:12.912939,49797.00000000,49796.35000000,0.05947000,0.05475500,1.767135,0.6346069999999999
2021-02-25T17:48:18.400365,49776.37000000,49776.36000000,1.00000000,0.00008700,1.1879879999999994,0.562637
2021-02-25T17:48:23.884213,49795.89000000,49795.88000000,0.00483000,1.52000000,1.1797430000000002,0.39000199999999996
2021-02-25T17:48:29.376599,49818.08000000,49814.84000000,0.00840300,0.05727100,0.9062539999999999,0.30178400000000005
2021-02-25T17:48:35.293674,49810.11000000,49809.08000000,1.00000000,0.00149500,2.0982570000000003,2.961623999999999
2021-02-25T17:48:40.779819,49814.65000000,49814.62000000,0.00063700,1.73455300,2.145399999999999,0.596821
2021-02-25T17:48:46.269261,49835.12000000,49835.11000000,0.25546000,0.63852800,0.5427519999999999,0.488695
2021-02-25T17:48:51.758913,49815.18000000,49808.71000000,0.02773200,0.03469400,1.0522150000000001,1.6880500000000003
2021-02-25T17:48:57.248168,49817.20000000,49816.76000000,0.21866400,0.11294400,1.9471250000000007,1.2725140000000001
2021-02-25T17:49:02.739751,49833.69000000,49833.68000000,8.79030200,2.66462400,3.7975939999999997,0.4458640000000001
2021-02-25T17:49:08.225044,49844.05000000,49844.04000000,0.00000100,2.45944400,11.405975999999999,5.377791
2021-02-25T17:49:13.704984,49845.81000000,49845.80000000,0.19282400,0.00004000,1.3108820000000003,1.5651019999999995
2021-02-25T17:49:19.189448,49885.76000000,49885.75000000,1.16896800,0.49554500,0.9515340000000001,1.855116
2021-02-25T17:49:24.676098,49886.84000000,49886.83000000,0.16602500,1.33252400,1.2846490000000004,0.254309
2021-02-25T17:49:30.161284,49888.01000000,49888.00000000,0.70314000,0.03907400,0.7438279999999999,5.264609
2021-02-25T17:49:35.647730,49850.15000000,49845.88000000,0.03466000,0.02310400,0.7037659999999999,1.7598250000000006
2021-02-25T17:49:41.567432,49855.55000000,49855.54000000,0.31129600,0.26000000,1.4825760000000001,0.6911310000000002
2021-02-25T17:49:47.485788,49830.67000000,49825.82000000,0.14276700,0.04523600,3.1371360000000004,2.636091
2021-02-25T17:49:52.976096,49820.87000000,49820.86000000,0.39281000,0.51228600,1.7706269999999997,0.863252
2021-02-25T17:49:58.457410,49821.03000000,49817.12000000,0.02090100,0.04482000,1.9139819999999999,7.2429049999999995
2021-02-25T17:50:03.940052,49827.62000000,49818.53000000,0.24136400,0.20207700,2.3806589999999996,1.591155
2021-02-25T17:50:09.426088,49830.01000000,49830.00000000,0.28200500,0.80827200,2.345749,0.28570500000000004
2021-02-25T17:50:14.910171,49807.08000000,49806.92000000,0.02967000,0.00000700,1.025165,1.123751
2021-02-25T17:50:20.396521,49780.01000000,49780.00000000,0.18047700,0.47343000,0.8230669999999999,1.5210569999999997
2021-02-25T17:50:25.880905,49785.26000000,49775.67000000,0.08652400,0.04061100,2.849390999999999,1.956574
2021-02-25T17:50:31.368493,49786.09000000,49785.15000000,0.00059400,0.07065600,0.29406699999999997,0.5989379999999999
2021-02-25T17:50:36.854165,49819.60000000,49817.16000000,0.89000000,0.43276500,0.831052,0.26027
2021-02-25T17:50:42.769267,49796.40000000,49793.16000000,0.02782100,1.03947100,0.9165789999999997,1.4112719999999999
2021-02-25T17:50:48.686147,49800.01000000,49800.00000000,3.24351000,0.22731500,1.75758,0.7015319999999999
2021-02-25T17:50:54.173651,49799.87000000,49791.60000000,0.02201000,0.04328000,0.8857890000000002,0.5937449999999999
2021-02-25T17:50:59.656079,49794.36000000,49794.34000000,0.08264500,0.56005800,0.676618,0.345569
2021-02-25T17:51:05.138464,49773.20000000,49773.19000000,2.03856800,0.00001800,1.1344909999999997,8.628973000000002
2021-02-25T17:51:10.625258,49761.11000000,49761.10000000,0.54556100,0.99534700,0.170892,1.6224790000000004
2021-02-25T17:51:16.113517,49761.11000000,49761.10000000,0.26000000,0.00100500,1.0571490000000001,0.165992
2021-02-25T17:51:21.597688,49751.33000000,49745.64000000,0.02518500,0.07342500,3.163303,4.9981089999999995
2021-02-25T17:51:27.089632,49772.15000000,49768.26000000,0.00100000,1.18412800,0.712582,2.1059639999999997
2021-02-25T17:51:32.574175,49758.11000000,49758.10000000,0.13208000,2.53139800,0.898424,1.2406439999999999
2021-02-25T17:51:38.061425,49766.00000000,49765.99000000,0.49990600,1.78900000,0.284654,0.403791
2021-02-25T17:51:43.548757,49782.85000000,49782.84000000,0.00001400,0.91442600,0.21303800000000006,0.44535399999999997
2021-02-25T17:51:49.459903,49787.14000000,49785.36000000,0.04204300,0.00002800,1.3815869999999997,0.421035
2021-02-25T17:51:54.945556,49801.91000000,49801.90000000,1.11621000,0.11603300,2.0895420000000002,0.8333679999999999
2021-02-25T17:52:00.429764,49801.91000000,49801.90000000,0.18008200,0.49504900,0.43407799999999996,0.35751
2021-02-25T17:52:05.912298,49783.98000000,49780.00000000,0.29680700,0.31614100,0.6892099999999999,2.1969240000000005
2021-02-25T17:52:11.402400,49754.47000000,49751.15000000,0.04225400,0.03748900,1.1591719999999996,3.1796880000000005
2021-02-25T17:52:16.887254,49743.88000000,49743.87000000,0.63450100,1.90713900,1.821906,4.403042
2021-02-25T17:52:22.368589,49731.07000000,49731.06000000,0.52000000,0.08287300,0.686018,2.3502579999999993
2021-02-25T17:52:27.849961,49720.01000000,49720.00000000,0.69152000,0.00030200,0.531538,0.974647
2021-02-25T17:52:33.333778,49713.23000000,49713.22000000,0.25017400,0.24197900,1.7157359999999997,0.46205099999999993
2021-02-25T17:52:38.820511,49706.42000000,49706.41000000,3.38819900,0.01070700,0.192467,0.45036599999999993
2021-02-25T17:52:44.741427,49740.93000000,49738.42000000,0.00261500,0.05682200,1.9472619999999996,0.5014500000000001
2021-02-25T17:52:50.229942,49741.28000000,49741.27000000,0.15846700,0.67942400,1.303526,1.0618079999999999
2021-02-25T17:52:55.712165,49727.32000000,49720.00000000,0.10528300,0.00020200,0.60594,1.1537650000000002
2021-02-25T17:53:01.198432,49712.06000000,49707.96000000,0.10726400,0.07978400,2.897967,1.3400190000000003
2021-02-25T17:53:06.685716,49693.64000000,49693.63000000,0.84905400,0.74668500,0.5564749999999999,13.216147999999999
2021-02-25T17:53:12.181509,49688.10000000,49688.09000000,0.47783100,0.05027900,0.7724999999999997,0.7371540000000002
2021-02-25T17:53:17.667575,49678.75000000,49678.74000000,0.16389800,0.33937000,0.510264,3.1726569999999987
2021-02-25T17:53:23.155979,49706.40000000,49706.39000000,0.18101200,0.41073000,1.639457999999999,0.6200670000000001
2021-02-25T17:53:28.645218,49710.57000000,49710.06000000,0.01633800,0.06716500,1.9485259999999998,0.36478099999999997
2021-02-25T17:53:34.134263,49725.54000000,49725.53000000,0.02177500,0.00114600,1.6931769999999995,1.36014
2021-02-25T17:53:39.623116,49725.91000000,49723.87000000,0.00600000,0.00195100,0.30215300000000006,0.67341
2021-02-25T17:53:45.108055,49677.35000000,49673.40000000,1.00000000,0.02484900,1.1501659999999998,1.1202539999999999
2021-02-25T17:53:50.596246,49668.82000000,49661.48000000,0.76000000,0.01543200,0.503809,1.553628
2021-02-25T17:53:56.078629,49660.26000000,49660.25000000,3.09335300,0.00426300,0.7676799999999999,0.513395
2021-02-25T17:54:01.568705,49657.89000000,49655.88000000,0.25109400,0.07192000,3.5210410000000008,4.867980000000001
2021-02-25T17:54:07.052763,49635.93000000,49629.40000000,0.05430900,0.26000000,1.532032,1.8429419999999994
2021-02-25T17:54:12.542237,49623.68000000,49615.59000000,0.52000000,0.02082200,1.0696519999999998,2.9104619999999994
2021-02-25T17:54:18.029004,49633.56000000,49629.45000000,0.05540700,0.03675300,0.9151060000000001,0.227183
2021-02-25T17:54:23.518063,49666.11000000,49663.08000000,1.00000000,0.05473400,3.280625,0.756903
2021-02-25T17:54:29.000601,49655.61000000,49655.60000000,1.95172100,0.66832000,1.6961419999999998,1.6622059999999996
2021-02-25T17:54:34.508347,49633.51000000,49633.50000000,0.71303300,0.74158700,0.47742500000000004,2.110710000000001
2021-02-25T17:54:39.999357,49587.49000000,49580.00000000,0.45517300,0.06291300,2.401939000000001,6.824998000000002
2021-02-25T17:54:45.912994,49505.96000000,49503.61000000,0.21218000,0.31341000,8.827523,19.939644000000033
2021-02-25T17:54:51.836443,49500.01000000,49500.00000000,2.23726700,16.23478100,7.502069999999999,27.67265500000001
2021-02-25T17:54:57.322159,49496.30000000,49493.08000000,1.00000000,0.45992500,16.746648999999994,26.612522999999996
2021-02-25T17:55:02.812116,49543.52000000,49537.90000000,0.52000000,0.05298300,4.226696999999999,8.166133000000002
2021-02-25T17:55:08.303396,49598.54000000,49591.36000000,0.01119300,0.05054600,11.648705000000001,4.348664
2021-02-25T17:55:13.788715,49529.33000000,49526.33000000,0.06660500,0.00046400,3.1132930000000005,6.364596000000001
2021-02-25T17:55:19.281535,49520.19000000,49505.52000000,0.26000000,0.02876300,4.1834950000000015,4.056085999999999
2021-02-25T17:55:24.766213,49469.40000000,49461.86000000,0.06121700,0.00606700,3.1334469999999985,14.459704000000002
2021-02-25T17:55:30.295304,49456.22000000,49455.41000000,0.15482900,0.04203300,4.681118999999999,6.906073999999998
2021-02-25T17:55:35.788407,49477.16000000,49475.26000000,0.52000000,0.00600000,5.239139999999999,14.192590999999998
2021-02-25T17:55:41.277867,49481.74000000,49481.53000000,0.47215800,0.23570200,8.579182999999997,4.0279739999999995
2021-02-25T17:55:47.202613,49445.92000000,49440.08000000,0.05126700,0.01407200,0.998535,1.8961819999999998
2021-02-25T17:55:53.121197,49465.25000000,49465.24000000,0.08087700,1.68800300,1.7102110000000006,2.0137940000000003
2021-02-25T17:55:58.630234,49427.66000000,49423.59000000,1.00000000,0.02996200,2.169911,8.167601999999999
2021-02-25T17:56:04.138196,49465.25000000,49460.42000000,0.03616900,0.04393900,5.150608999999999,7.321103
2021-02-25T17:56:09.626093,49483.59000000,49473.64000000,0.03408200,0.03091800,2.149665,3.7745799999999994
2021-02-25T17:56:15.115541,49426.15000000,49420.18000000,0.03832700,0.03349000,1.1487160000000003,1.228501
2021-02-25T17:56:20.602575,49417.35000000,49410.82000000,0.03687800,0.02706600,2.045416,4.339181999999999
2021-02-25T17:56:26.089803,49424.51000000,49416.54000000,0.02430400,0.05937700,4.211613000000001,11.318868000000004
2021-02-25T17:56:31.575088,49470.64000000,49465.32000000,0.01000000,0.04330200,5.736595,1.9584980000000003
2021-02-25T17:56:37.062603,49428.24000000,49428.23000000,1.83037000,0.00003800,1.1607500000000002,0.8245209999999998
2021-02-25T17:56:42.554601,49438.71000000,49432.26000000,0.03684800,0.02556900,3.433753,0.6752429999999999
2021-02-25T17:56:48.471721,49457.54000000,49457.53000000,0.30319200,0.05945200,0.54517,0.909665
2021-02-25T17:56:53.955754,49403.18000000,49402.00000000,1.00000000,0.33023000,2.4429550000000004,5.625832999999998
2021-02-25T17:56:59.438817,49401.40000000,49397.44000000,0.02862200,0.01631600,1.4827540000000001,1.022236
2021-02-25T17:57:04.927782,49437.80000000,49426.78000000,0.05112400,0.45393700,0.8642999999999998,3.1609079999999996
2021-02-25T17:57:10.416719,49442.56000000,49437.78000000,0.02079300,0.05056700,5.255854,10.461356
2021-02-25T17:57:15.904885,49447.79000000,49444.18000000,0.22905500,0.52000000,5.058892,2.7399159999999996
2021-02-25T17:57:21.443395,49434.61000000,49429.89000000,0.06405900,0.02937500,1.7424539999999995,0.800508
2021-02-25T17:57:26.933680,49440.25000000,49440.24000000,0.26000000,0.03503000,1.7353299999999996,3.721127
2021-02-25T17:57:32.417080,49400.80000000,49400.00000000,0.50000000,3.30110300,0.5549160000000001,3.1514589999999996
2021-02-25T17:57:37.906652,49391.21000000,49387.61000000,0.08240400,0.52000000,0.7451560000000002,5.082196000000001
2021-02-25T17:57:43.398737,49380.22000000,49379.30000000,0.07853600,0.01100800,0.3864999999999999,0.5762139999999999
2021-02-25T17:57:48.887192,49344.00000000,49338.16000000,0.01000000,0.07563500,1.154945,9.629862000000001
2021-02-25T17:57:54.377047,49362.16000000,49362.15000000,0.05567700,1.26860600,3.2946199999999983,10.064835000000004
2021-02-25T17:57:59.869382,49330.20000000,49317.83000000,0.03673800,0.02863300,1.12795,4.55483
2021-02-25T17:58:05.357039,49347.83000000,49341.18000000,0.04596800,0.03304400,2.2376070000000006,13.13074
2021-02-25T17:58:10.848438,49363.57000000,49360.16000000,0.03786200,0.26000000,4.219827999999998,8.989158999999999
2021-02-25T17:58:16.336238,49390.58000000,49389.87000000,0.00000100,0.03162400,3.770514999999999,4.934508999999999
2021-02-25T17:58:21.828254,49353.52000000,49350.01000000,1.00698400,0.00030300,4.460217,3.5513669999999995
2021-02-25T17:58:27.312846,49391.22000000,49377.88000000,0.02750300,0.08525200,7.382405000000002,6.213208999999999
2021-02-25T17:58:32.812079,49376.12000000,49372.43000000,1.07753100,1.24951900,1.7882510000000003,4.130648999999999
2021-02-25T17:58:38.294567,49372.18000000,49370.60000000,0.52000000,0.01012500,2.237049,4.022005000000001
2021-02-25T17:58:43.786754,49366.01000000,49366.00000000,0.49782700,0.00397800,2.941039000000001,2.673960000000002
2021-02-25T17:58:49.707337,49379.85000000,49376.60000000,0.30828000,0.00000900,1.620774,0.593506
2021-02-25T17:58:55.192689,49373.19000000,49362.54000000,1.00000000,0.05279800,2.3678649999999997,1.7867669999999996
2021-02-25T17:59:00.676288,49373.61000000,49373.60000000,0.26000000,0.18215600,3.5780509999999994,2.238385999999999
2021-02-25T17:59:06.594189,49369.48000000,49369.47000000,0.04082800,0.52008600,2.4379619999999997,2.223489999999999
2021-02-25T17:59:12.081355,49406.69000000,49401.05000000,0.01362600,0.05370000,4.353721,0.8402629999999999
2021-02-25T17:59:17.566850,49413.58000000,49413.57000000,0.07767400,0.50000000,4.681511000000002,1.5235719999999995
2021-02-25T17:59:23.055871,49474.05000000,49471.07000000,0.18209200,0.16779400,5.820447000000002,2.1662300000000005
2021-02-25T17:59:28.537979,49506.60000000,49504.27000000,0.26000000,0.52000000,12.545717000000002,12.961087999999997
2021-02-25T17:59:34.033087,49456.64000000,49453.22000000,0.24000000,0.01647200,2.1435859999999995,6.055458
2021-02-25T17:59:39.522667,49508.57000000,49508.56000000,0.07595500,1.29576700,3.0283620000000004,2.759596999999999
2021-02-25T17:59:45.009388,49533.84000000,49530.18000000,0.14524700,0.26000000,4.768711000000001,2.632198999999999
2021-02-25T17:59:50.925907,49534.54000000,49531.69000000,0.10618800,0.00433600,2.761974999999999,0.6929540000000002
2021-02-25T17:59:56.845041,49562.83000000,49556.61000000,0.42525100,0.49250000,3.196948,2.4978119999999993
2021-02-25T18:00:02.372210,49523.02000000,49513.75000000,0.02936000,1.00000000,3.3579130000000004,1.9577599999999993
2021-02-25T18:00:08.013880,49503.61000000,49503.58000000,3.34690800,0.44000000,1.8561409999999996,3.9203149999999978
2021-02-25T18:00:13.524666,49501.47000000,49497.88000000,0.21443300,0.25100000,2.5480599999999995,12.814112999999997
2021-02-25T18:00:19.008214,49484.86000000,49484.85000000,0.09676400,0.32160800,1.702143,1.782079
2021-02-25T18:00:24.494541,49484.85000000,49481.39000000,0.13958800,0.12580100,1.594867,2.728238000000001
2021-02-25T18:00:29.981122,49454.82000000,49454.42000000,0.11772200,0.50737400,2.834351000000001,1.25197
2021-02-25T18:00:35.467187,49455.85000000,49455.84000000,0.38000000,0.45243100,1.1443330000000003,1.449521
2021-02-25T18:00:40.959299,49414.86000000,49414.85000000,0.07524300,1.26016900,1.569034,3.249542
2021-02-25T18:00:46.441919,49470.53000000,49470.52000000,0.50000000,0.00388500,4.1032649999999995,1.7871409999999994
2021-02-25T18:00:51.928299,49499.31000000,49489.54000000,0.01163000,0.09341500,6.558939000000001,0.595269
2021-02-25T18:00:57.411188,49500.00000000,49499.99000000,1.09648300,0.49451600,4.444419,1.325977
2021-02-25T18:01:02.897774,49490.99000000,49486.96000000,0.16819600,0.04437600,1.768597,0.7646009999999998
2021-02-25T18:01:08.384860,49497.48000000,49490.90000000,0.01711100,1.00000000,2.346383,1.3701029999999998
2021-02-25T18:01:13.870327,49545.64000000,49541.31000000,0.05927700,0.46840800,5.274632999999995,4.921134
2021-02-25T18:01:19.358608,49590.25000000,49576.28000000,0.00352700,1.22910200,12.93954,1.6392909999999998
2021-02-25T18:01:24.843942,49658.03000000,49651.17000000,0.02804600,0.50202900,6.5865500000000035,3.608606000000004
2021-02-25T18:01:30.333794,49659.23000000,49658.59000000,0.38659800,0.26000000,4.842934,6.548952
2021-02-25T18:01:35.821573,49733.05000000,49723.45000000,0.01079800,0.05449300,7.710728,4.065241000000002
2021-02-25T18:01:41.311489,49756.17000000,49753.34000000,0.11242400,0.26000000,3.652413,1.7175519999999995
2021-02-25T18:01:46.802443,49741.24000000,49736.99000000,1.25015600,0.10000000,9.065694000000004,9.440112000000001
2021-02-25T18:01:52.288424,49750.51000000,49744.24000000,0.07046300,0.04100800,4.063529000000001,2.1728279999999995
2021-02-25T18:01:58.202861,49735.11000000,49731.88000000,0.10000000,0.03638800,3.8990399999999985,2.042409
2021-02-25T18:02:03.685629,49759.22000000,49759.21000000,0.49962600,0.03422400,2.3595839999999995,1.0190870000000003
2021-02-25T18:02:09.187513,49749.89000000,49749.88000000,0.00001800,1.65586400,2.0443520000000004,4.617800000000001
2021-02-25T18:02:14.671905,49772.14000000,49772.13000000,0.15094300,0.38522000,15.531418000000002,13.122627000000001
2021-02-25T18:02:20.163831,49789.30000000,49787.14000000,1.21218100,0.52000000,5.3077179999999995,0.7754459999999997
2021-02-25T18:02:25.652021,49773.53000000,49773.52000000,0.48362800,0.78435400,6.3512740000000045,1.9718539999999996
2021-02-25T18:02:31.140945,49763.14000000,49763.13000000,0.25523700,0.00000100,5.149889999999999,7.697653999999998
2021-02-25T18:02:37.061101,49745.24000000,49745.23000000,0.48473000,1.26000000,3.9256199999999994,3.504039999999999
2021-02-25T18:02:42.552474,49747.22000000,49747.21000000,0.30313600,0.06675400,2.5489919999999997,2.5800759999999996
2021-02-25T18:02:48.036474,49750.01000000,49750.00000000,0.16248700,1.31372800,1.309563,1.7790929999999996
2021-02-25T18:02:53.963447,49738.50000000,49737.63000000,0.52000000,0.13327300,2.798158000000001,3.5373580000000002
2021-02-25T18:02:59.446901,49714.27000000,49710.00000000,0.24000000,0.00148000,1.7798160000000007,1.3284870000000002
2021-02-25T18:03:05.369792,49660.45000000,49655.52000000,0.24000000,0.00202000,0.9463590000000001,7.033585
2021-02-25T18:03:10.856647,49623.57000000,49623.17000000,0.06000000,0.26959100,1.0978789999999998,1.942905
2021-02-25T18:03:16.361789,49650.01000000,49647.83000000,0.52000000,0.13307300,2.144927000000001,2.2708719999999993
2021-02-25T18:03:21.850837,49627.82000000,49623.43000000,0.12770900,0.12729500,1.4434,1.0132829999999997
2021-02-25T18:03:27.337457,49626.88000000,49617.36000000,0.02000000,0.02122900,3.060024000000001,2.757875
2021-02-25T18:03:32.821243,49608.36000000,49608.35000000,0.06232300,0.26000000,2.275361,3.8362490000000005
2021-02-25T18:03:38.313549,49578.19000000,49574.07000000,0.19216100,0.24000000,0.807248,2.791389
2021-02-25T18:03:43.801504,49543.74000000,49538.66000000,9.13516300,0.24000000,2.0260730000000002,1.9798200000000001
2021-02-25T18:03:49.288857,49536.37000000,49536.36000000,0.30471000,0.12330100,19.10866300000001,7.609570999999998
2021-02-25T18:03:54.774034,49581.53000000,49577.00000000,0.96689500,0.09212500,6.123772999999999,0.5937919999999999
2021-02-25T18:04:00.260329,49559.97000000,49550.30000000,0.03684600,0.02844400,4.702551000000001,2.6637719999999994
2021-02-25T18:04:05.747184,49636.69000000,49622.00000000,0.02321900,0.04207100,5.296136,3.416893999999999
2021-02-25T18:04:11.232904,49630.01000000,49626.96000000,1.00000000,0.01000000,3.7256190000000005,1.487138
2021-02-25T18:04:16.717913,49634.00000000,49633.99000000,0.00203700,0.82218000,0.939506,2.7060320000000004
2021-02-25T18:04:22.207106,49642.83000000,49642.81000000,0.26000000,0.07423400,1.3244209999999998,0.5916890000000001
2021-02-25T18:04:27.689076,49713.22000000,49713.21000000,0.04660500,1.27748700,16.217731000000004,3.697682000000001
2021-02-25T18:04:33.174753,49659.63000000,49657.48000000,0.24600000,1.00000000,1.175676,2.547961
2021-02-25T18:04:38.661538,49677.39000000,49675.37000000,0.26000000,0.28793700,2.3920250000000003,0.978196
2021-02-25T18:04:44.144688,49667.68000000,49667.67000000,0.29927600,0.63845200,8.227259000000002,10.474175000000004
2021-02-25T18:04:49.638596,49663.66000000,49659.65000000,0.01007000,0.99788300,1.722208,2.2762589999999996
2021-02-25T18:04:55.124306,49666.64000000,49665.40000000,0.51868200,0.44121200,1.4833519999999998,1.181939
2021-02-25T18:05:01.479091,49649.87000000,49644.94000000,0.46346000,0.20343500,0.924871,4.216078999999999
2021-02-25T18:05:06.963713,49636.15000000,49628.51000000,0.25000000,0.12804900,3.551078,3.6008940000000003
2021-02-25T18:05:12.450349,49581.54000000,49581.53000000,0.51000000,0.00250000,8.930267000000004,7.966457999999996
2021-02-25T18:05:17.940474,49623.34000000,49617.86000000,0.03765600,1.00000000,13.552904000000002,5.244746000000001
2021-02-25T18:05:23.426877,49626.11000000,49626.10000000,0.20902100,0.60593000,2.3798079999999993,2.220333999999999
2021-02-25T18:05:28.919107,49630.57000000,49622.92000000,0.03796500,0.03369200,5.944104,1.762168
2021-02-25T18:05:34.401935,49654.97000000,49653.48000000,1.33600600,0.52000000,5.9935589999999985,0.8257770000000002
2021-02-25T18:05:39.910795,49707.20000000,49707.19000000,0.46245000,0.23358700,0.8120450000000002,2.2550819999999994
2021-02-25T18:05:45.406896,49716.28000000,49713.69000000,0.05757300,0.50000000,14.516166999999996,6.221604000000001
2021-02-25T18:05:50.898573,49747.14000000,49738.52000000,0.04576000,0.04451300,1.010098,3.0901260000000006
2021-02-25T18:05:56.810603,49749.05000000,49746.28000000,0.26496200,0.21332400,2.253027,0.9116629999999998
2021-02-25T18:06:02.295097,49775.36000000,49774.09000000,0.22781800,0.24000000,2.959341000000002,3.9506409999999996
2021-02-25T18:06:08.207549,49791.12000000,49791.11000000,0.00132000,0.53501200,3.3619559999999984,2.905535000000001
2021-02-25T18:06:13.696978,49818.58000000,49810.13000000,0.03087600,0.10784700,2.9000020000000006,4.3141300000000005
2021-02-25T18:06:19.188516,49816.95000000,49808.26000000,0.28302000,0.20000000,2.9569399999999995,0.8770779999999998
2021-02-25T18:06:24.694447,49835.26000000,49827.86000000,0.03954500,0.00147300,4.920235000000003,5.1211590000000005
2021-02-25T18:06:30.178341,49830.13000000,49830.12000000,1.36303300,0.52000000,2.4659570000000004,1.2654340000000002
2021-02-25T18:06:35.665306,49766.52000000,49766.51000000,0.52000000,2.27861600,1.8711129999999996,14.462960999999998
2021-02-25T18:06:41.157828,49821.01000000,49821.00000000,0.01901900,1.61060800,3.4667640000000004,2.953737999999999
2021-02-25T18:06:46.649863,49834.45000000,49829.73000000,1.00000000,0.43716700,4.571774999999998,0.8819979999999994
2021-02-25T18:06:52.142342,49865.23000000,49858.76000000,1.23154100,0.26000000,2.1529230000000013,1.2126710000000003
2021-02-25T18:06:57.641620,49877.05000000,49871.81000000,0.03561400,0.00885100,4.1334040000000005,3.6373970000000004
2021-02-25T18:07:03.125930,49868.52000000,49868.51000000,0.06008700,0.00000100,3.991488,1.7563320000000007
2021-02-25T18:07:08.616196,49813.74000000,49813.73000000,0.25000000,0.42175700,1.5231919999999999,5.197169999999998
2021-02-25T18:07:14.100122,49800.00000000,49799.99000000,2.91895400,1.83470300,19.76418699999999,10.316212999999998
2021-02-25T18:07:19.582417,49782.16000000,49772.58000000,0.03377200,0.00190100,4.441473000000001,1.8553030000000004
2021-02-25T18:07:25.071887,49757.07000000,49749.72000000,0.04827500,0.26342000,1.200807,2.723571999999999
2021-02-25T18:07:30.552351,49800.00000000,49799.99000000,2.47901000,0.26000000,2.452267,2.578573
2021-02-25T18:07:36.051683,49806.09000000,49806.08000000,0.00600000,0.04975900,3.7161949999999977,3.6964289999999997
2021-02-25T18:07:41.548806,49836.72000000,49829.51000000,0.24000000,0.25000000,1.7069649999999998,4.013761000000001
2021-02-25T18:07:47.068212,49855.82000000,49851.68000000,0.03795000,0.26000000,1.0578800000000004,1.6126160000000005
2021-02-25T18:07:52.551966,49844.11000000,49840.92000000,0.03319900,0.26000000,1.3521719999999997,0.952051
2021-02-25T18:07:58.038421,49830.40000000,49825.71000000,0.11224000,0.07125600,1.9948440000000003,1.2817919999999998
2021-02-25T18:08:03.957035,49835.30000000,49829.94000000,0.27787400,0.02492700,1.20529,0.9811680000000002
2021-02-25T18:08:09.440933,49848.42000000,49839.48000000,0.02508800,0.20263200,2.2760100000000008,0.7232809999999998
2021-02-25T18:08:14.925799,49836.41000000,49836.40000000,0.47640000,0.54423000,0.70622,1.3605370000000008
2021-02-25T18:08:20.415521,49808.15000000,49808.14000000,1.76818700,0.00000700,2.0199260000000003,2.668338
2021-02-25T18:08:25.901830,49850.00000000,49849.99000000,0.17696800,1.77776400,1.659106,0.7159529999999998
2021-02-25T18:08:31.386039,49864.66000000,49852.56000000,0.01003000,0.06063300,1.759935,0.05212
2021-02-25T18:08:36.871330,49855.26000000,49854.92000000,0.25599200,0.05771100,0.7324740000000001,5.8981580000000005
2021-02-25T18:08:42.352748,49861.57000000,49861.56000000,0.01200000,1.00115000,1.490667,1.080765
2021-02-25T18:08:47.836403,49925.69000000,49925.68000000,1.25877200,0.00000300,10.509198,1.595323999999999
2021-02-25T18:08:53.327785,49921.46000000,49915.51000000,0.16238400,0.00466400,3.4046129999999994,3.089283
2021-02-25T18:08:58.813300,49884.19000000,49871.32000000,1.00000000,0.24000000,4.787284000000001,4.15747
2021-02-25T18:09:04.303803,49864.13000000,49856.73000000,0.00032400,0.44000000,3.1992539999999985,3.3800730000000003
2021-02-25T18:09:09.786528,49871.04000000,49871.03000000,0.00807800,1.61208600,6.644852000000001,2.2209600000000003
2021-02-25T18:09:15.276232,49915.62000000,49915.61000000,0.62133000,0.00083900,12.480960999999997,6.193794999999999
2021-02-25T18:09:20.766021,49922.13000000,49922.12000000,0.02790700,0.58146700,1.5147400000000004,0.942215
2021-02-25T18:09:26.247801,49937.79000000,49932.10000000,0.00000100,0.06684500,2.1142550000000004,2.599101000000001
2021-02-25T18:09:31.734505,49947.69000000,49935.98000000,0.01138200,0.04989500,3.2334600000000013,2.341133000000001
2021-02-25T18:09:37.224889,49943.90000000,49935.77000000,0.02991300,0.04394200,3.269026999999999,3.0938979999999994
2021-02-25T18:09:42.715708,49929.85000000,49921.89000000,0.12520900,1.12384500,7.6749600000000004,12.013564999999996
2021-02-25T18:09:48.205558,49961.02000000,49961.01000000,0.00451300,0.48866900,1.5324029999999997,1.8116979999999994
2021-02-25T18:09:53.693709,49956.77000000,49945.61000000,0.76000000,0.03811300,0.755022,13.310372999999998
2021-02-25T18:09:59.179561,49932.71000000,49932.70000000,0.28227100,0.15874700,0.741303,2.218457
2021-02-25T18:10:04.665705,49910.30000000,49910.29000000,0.14357000,0.56287000,1.0390670000000004,2.507649999999999
2021-02-25T18:10:10.149612,49901.20000000,49901.19000000,0.25799700,0.52000000,3.082186,2.0114810000000003
2021-02-25T18:10:15.662557,49913.33000000,49913.32000000,2.69380400,0.01360300,3.256565999999999,5.384117999999999
2021-02-25T18:10:21.153513,49896.03000000,49887.41000000,0.08509400,0.25452100,0.6732269999999998,0.693086
2021-02-25T18:10:26.643002,49892.00000000,49886.94000000,0.03358800,0.00628300,2.4533940000000007,2.060423
2021-02-25T18:10:32.129482,49860.90000000,49853.39000000,0.25733100,0.24000000,1.313163,2.0372799999999995
2021-02-25T18:10:37.615143,49847.18000000,49846.61000000,0.10225100,0.51779200,7.264713000000002,7.982683000000001
2021-02-25T18:10:43.105073,49863.04000000,49857.79000000,0.00934200,0.42525000,1.5873929999999998,2.72473
2021-02-25T18:10:48.606292,49829.52000000,49824.45000000,0.09100800,0.18392900,1.7044809999999997,1.4872970000000003
2021-02-25T18:10:54.089624,49830.23000000,49823.79000000,1.00000000,0.16230500,1.8222419999999995,2.2614869999999994
2021-02-25T18:10:59.571280,49843.09000000,49837.29000000,0.02308600,0.17612800,7.325250999999999,1.2398099999999996
2021-02-25T18:11:05.061497,49852.61000000,49851.14000000,0.08000000,0.05463000,4.6611730000000025,0.36291700000000016
2021-02-25T18:11:10.551694,49813.69000000,49811.55000000,0.25000000,0.06743000,2.916271,3.349098000000001
2021-02-25T18:11:16.044606,49800.01000000,49800.00000000,2.15468700,0.18229000,0.9689889999999999,3.1326119999999986
2021-02-25T18:11:21.539352,49787.27000000,49787.26000000,0.24802300,0.51946000,0.4435569999999999,0.8508200000000001
2021-02-25T18:11:27.028570,49791.70000000,49788.74000000,0.99834600,0.54307200,3.068104999999999,0.593033
2021-02-25T18:11:32.514083,49772.96000000,49770.60000000,0.26000000,0.09500000,1.0547590000000002,1.9501920000000001
2021-02-25T18:11:37.997373,49813.69000000,49813.56000000,0.07500000,0.15663100,0.441645,1.2335820000000006
2021-02-25T18:11:43.488982,49804.14000000,49803.58000000,0.45257400,0.52000000,1.7525080000000004,2.309924
2021-02-25T18:11:48.976228,49795.97000000,49795.96000000,1.24887100,0.05046300,0.669219,1.510229
2021-02-25T18:11:54.479072,49778.88000000,49775.92000000,0.00600000,0.00000500,2.0040270000000002,2.854717999999999
2021-02-25T18:11:59.964644,49808.22000000,49802.39000000,0.77594900,0.17089900,6.289325000000001,1.7814080000000003
2021-02-25T18:12:05.880284,49780.51000000,49780.50000000,0.40383500,1.24873800,6.694594,4.632765000000001
2021-02-25T18:12:11.370836,49781.22000000,49776.16000000,0.63054700,0.13915200,0.36241599999999985,2.5488070000000005
2021-02-25T18:12:16.857504,49771.63000000,49771.62000000,0.87321800,1.28043200,0.8114739999999999,0.225467
2021-02-25T18:12:22.340233,49780.08000000,49775.00000000,0.07070300,0.00571700,1.137088,2.9583560000000007
2021-02-25T18:12:27.821976,49776.11000000,49769.88000000,0.08936500,0.17078600,0.8456600000000001,4.508851000000001
2021-02-25T18:12:33.309528,49781.19000000,49775.76000000,0.12852000,0.06594700,1.967601,0.4186270000000001
2021-02-25T18:12:39.226444,49775.74000000,49775.73000000,0.57087400,0.28087300,0.34795599999999993,1.777294
2021-02-25T18:12:44.709438,49776.86000000,49776.85000000,1.09123200,0.43578100,0.093387,1.4526289999999997
2021-02-25T18:12:50.191164,49772.49000000,49771.50000000,0.51395500,0.14168000,0.4917890000000001,1.4380410000000001
2021-02-25T18:12:55.672012,49779.51000000,49778.79000000,0.42100800,0.20202900,0.9096870000000001,1.0451549999999998
2021-02-25T18:13:01.160942,49784.97000000,49778.81000000,0.17649500,0.14029100,0.9754060000000001,1.485174
2021-02-25T18:13:06.655357,49797.86000000,49797.85000000,0.53700100,1.39656100,8.131090999999998,2.146843
2021-02-25T18:13:12.140582,49850.00000000,49849.99000000,0.74948100,1.52000000,8.015592,1.1675799999999994
2021-02-25T18:13:17.637917,49849.99000000,49841.35000000,0.03651200,0.05947900,1.129969,0.20665700000000004
2021-02-25T18:13:23.121321,49853.79000000,49850.00000000,0.07558400,0.00030600,1.0051679999999998,0.6636799999999999
2021-02-25T18:13:28.608224,49860.06000000,49860.05000000,0.20919300,0.13263900,0.8380699999999999,0.24509200000000003
2021-02-25T18:13:34.103515,49884.67000000,49884.66000000,0.00001100,1.30305200,3.3218010000000007,1.097377
2021-02-25T18:13:39.587812,49840.86000000,49840.85000000,1.00113000,0.08271600,0.548413,2.230813
2021-02-25T18:13:45.108439,49837.36000000,49837.35000000,0.46336600,0.97920100,0.5211619999999999,0.6989030000000002
2021-02-25T18:13:50.601140,49806.56000000,49806.55000000,0.00001000,0.20171500,1.4902659999999994,1.2092049999999996
2021-02-25T18:13:56.090137,49795.31000000,49792.74000000,0.27955900,0.38891800,1.1031370000000003,1.0434719999999995
2021-02-25T18:14:01.578609,49792.74000000,49792.73000000,0.00238000,0.47821400,1.232177,0.797621
2021-02-25T18:14:07.065919,49770.81000000,49770.80000000,0.49339200,0.02426200,1.2751079999999997,0.473582
2021-02-25T18:14:12.982004,49798.47000000,49790.50000000,1.00000000,0.05426500,3.757590000000001,0.9280160000000002
2021-02-25T18:14:18.470084,49791.68000000,49791.67000000,2.30794700,0.05821600,0.082852,0.37797200000000003
2021-02-25T18:14:23.965538,49829.95000000,49829.94000000,0.53363300,0.75780500,1.558343,0.6962789999999999
2021-02-25T18:14:29.456169,49821.69000000,49821.68000000,2.56587200,0.13419500,3.5698129999999995,2.496551999999999
2021-02-25T18:14:34.948482,49798.83000000,49792.49000000,0.03973900,0.00040100,1.7227450000000002,0.25897899999999996
2021-02-25T18:14:40.430537,49781.07000000,49781.06000000,1.26000000,0.63353900,1.426281,0.7039880000000001
2021-02-25T18:14:45.913679,49781.39000000,49781.38000000,0.06516900,0.00119200,0.4350759999999998,0.527452
2021-02-25T18:14:51.400769,49778.65000000,49778.64000000,0.05604000,0.52000000,0.58452,0.6679749999999999
2021-02-25T18:14:56.883836,49781.99000000,49778.15000000,0.42000000,0.00223400,3.6870420000000004,1.1500819999999998
2021-02-25T18:15:02.374662,49778.16000000,49770.00000000,0.04598000,0.17692100,2.2158609999999985,1.5356239999999999
2021-02-25T18:15:07.869227,49765.24000000,49765.23000000,0.02517400,1.83076200,3.1240370000000004,1.944836
2021-02-25T18:15:13.359136,49745.18000000,49745.17000000,0.06354000,0.00426400,0.391402,4.0593509999999995
2021-02-25T18:15:18.844195,49753.82000000,49753.81000000,0.45000000,0.00280600,1.748064,0.50234
2021-02-25T18:15:24.333100,49741.10000000,49741.09000000,0.15903600,0.51398200,0.18749300000000002,0.2882880000000001
2021-02-25T18:15:29.823886,49740.96000000,49740.95000000,0.01273000,0.63839400,0.34840100000000007,1.412495
2021-02-25T18:15:35.312473,49765.24000000,49765.23000000,0.00002700,1.80706100,0.5750869999999999,0.145237
2021-02-25T18:15:40.795520,49777.62000000,49777.61000000,0.02324900,0.61970100,0.439047,0.168398
2021-02-25T18:15:46.278286,49770.12000000,49770.11000000,0.00023200,0.37668900,0.09003800000000002,0.7806420000000002
2021-02-25T18:15:51.763327,49769.92000000,49769.91000000,0.75034000,0.00003500,1.1615109999999995,0.657191
2021-02-25T18:15:57.249701,49770.00000000,49769.99000000,5.65424200,0.40603500,1.181845,0.7705569999999999
2021-02-25T18:16:02.741490,49770.00000000,49769.99000000,5.54477400,0.09640200,0.159417,0.12377199999999998
2021-02-25T18:16:08.232734,49745.01000000,49745.00000000,0.50967100,0.00527200,0.2117,1.4738740000000001
2021-02-25T18:16:13.716913,49734.14000000,49734.13000000,0.04854800,1.67097900,0.423127,0.265909
2021-02-25T18:16:19.200505,49745.07000000,49743.61000000,1.01297500,1.00000000,1.018624,0.18103500000000003
2021-02-25T18:16:24.683612,49768.40000000,49767.03000000,0.10921500,1.00000000,0.4239379999999999,2.1473199999999997
2021-02-25T18:16:30.164499,49781.59000000,49781.58000000,0.25188200,0.01853400,6.154125999999998,1.522222
2021-02-25T18:16:35.656538,49787.11000000,49777.12000000,0.03070800,1.00000000,0.4341730000000001,3.579033
2021-02-25T18:16:41.159339,49816.93000000,49811.44000000,0.50000000,0.25848000,0.6012159999999999,0.3455910000000001
2021-02-25T18:16:46.643798,49838.40000000,49831.59000000,0.15241100,0.24853100,1.984708,1.592096
2021-02-25T18:16:52.151403,49809.70000000,49804.20000000,0.21000000,1.00000000,1.7003279999999998,0.7355130000000001
2021-02-25T18:16:57.632177,49800.01000000,49800.00000000,1.24134100,0.00002600,0.24188099999999996,4.035860000000001
2021-02-25T18:17:03.117603,49775.01000000,49775.00000000,1.24668500,0.91411800,0.314369,1.0044019999999998
2021-02-25T18:17:09.032178,49753.37000000,49749.92000000,0.07730200,0.01088300,0.9262389999999997,2.5731950000000006
2021-02-25T18:17:14.522206,49752.34000000,49752.33000000,0.00209800,0.59273600,0.08482699999999999,0.38623999999999997
2021-02-25T18:17:20.009035,49720.01000000,49720.00000000,1.49118000,0.00000900,1.9117479999999998,1.7524840000000002
2021-02-25T18:17:25.489397,49734.14000000,49734.13000000,1.00837800,1.62336100,1.420724,7.062604999999999
2021-02-25T18:17:31.408906,49763.60000000,49763.59000000,0.00025900,0.54645400,2.874688999999999,0.748252
2021-02-25T18:17:36.899108,49781.33000000,49777.41000000,1.00000000,0.14307800,1.3494629999999996,0.9844700000000004
2021-02-25T18:17:42.383513,49741.60000000,49737.89000000,0.01435300,0.28133000,2.373616,9.879498999999997
2021-02-25T18:17:47.868950,49705.82000000,49700.00000000,1.48000000,0.01902500,0.602172,1.189722
2021-02-25T18:17:53.354531,49684.73000000,49679.07000000,1.00000000,0.07921900,4.118267,4.960894999999999
2021-02-25T18:17:58.841071,49694.47000000,49692.93000000,0.02092600,0.37335300,4.839875999999999,2.641023
2021-02-25T18:18:04.328506,49720.48000000,49711.68000000,0.02871100,0.02845700,4.073811999999999,3.3264429999999985
2021-02-25T18:18:09.812828,49741.59000000,49741.58000000,0.00025900,0.25000000,0.735717,2.0318110000000007
2021-02-25T18:18:15.299219,49747.72000000,49747.71000000,0.08050300,0.21119500,0.659215,1.0498719999999997
2021-02-25T18:18:20.785102,49752.13000000,49750.95000000,0.18070300,0.26000000,0.8618180000000002,0.192857
2021-02-25T18:18:26.270426,49752.10000000,49752.09000000,0.01005000,2.05542700,1.914504,1.0697439999999998
2021-02-25T18:18:31.757786,49760.70000000,49752.13000000,0.11629900,0.41000000,2.7336770000000006,0.6044240000000001
2021-02-25T18:18:37.243289,49746.26000000,49746.25000000,0.32420100,0.46095400,2.735201999999999,10.625965000000003
2021-02-25T18:18:42.728603,49744.12000000,49739.61000000,0.09986200,0.18086200,0.45645300000000005,3.4686770000000005
2021-02-25T18:18:48.208543,49760.69000000,49760.68000000,2.81618000,0.04210300,0.31895400000000007,0.288898
2021-02-25T18:18:53.696928,49752.14000000,49752.13000000,0.25688400,0.03345700,0.167759,1.059412
2021-02-25T18:18:59.181489,49775.81000000,49775.80000000,0.00001100,0.63690000,3.359661,0.341956
2021-02-25T18:19:04.664822,49785.25000000,49774.25000000,0.02919300,0.18072700,4.608128000000002,4.315099
2021-02-25T18:19:10.149050,49763.32000000,49762.56000000,0.25712000,0.43137100,0.25048300000000007,0.6209499999999998
2021-02-25T18:19:15.633946,49755.10000000,49752.23000000,0.22367300,1.00000000,0.9388959999999998,0.178253
2021-02-25T18:19:21.118957,49765.74000000,49762.02000000,0.15005900,0.46016800,0.632507,0.9594959999999999
2021-02-25T18:19:26.604103,49770.21000000,49769.98000000,0.70382000,0.02505200,0.5330170000000001,0.11198999999999998
2021-02-25T18:19:32.093508,49785.67000000,49785.66000000,0.01004600,1.88644700,1.756218,0.777093
2021-02-25T18:19:37.576242,49776.23000000,49769.98000000,0.04437500,0.06354700,0.18258000000000002,0.499215
2021-02-25T18:19:43.059741,49778.83000000,49772.47000000,0.18212300,0.92131400,0.10347399999999997,1.0529479999999998
2021-02-25T18:19:48.547108,49816.08000000,49813.39000000,0.00802400,2.01762600,1.6153150000000003,0.5809049999999999
2021-02-25T18:19:54.036844,49794.72000000,49794.71000000,0.00020900,3.32940000,0.17090000000000002,1.2631640000000002
2021-02-25T18:19:59.523813,49823.05000000,49823.04000000,0.14738800,1.40542700,1.1537250000000001,1.1810609999999997
2021-02-25T18:20:05.012507,49857.14000000,49857.13000000,0.10551200,1.23072100,14.897367999999998,0.6798660000000002
2021-02-25T18:20:10.931355,49866.40000000,49866.39000000,0.44533700,0.88697100,8.005782000000004,5.372886999999998
2021-02-25T18:20:16.848064,49908.89000000,49907.18000000,1.00000000,0.00095400,5.118219999999996,1.807189
2021-02-25T18:20:22.347270,49888.86000000,49882.86000000,0.11050500,0.08691100,1.9936190000000005,2.6642990000000006
2021-02-25T18:20:27.837793,49899.88000000,49894.82000000,0.46550000,1.00000000,3.145432,6.911135
2021-02-25T18:20:33.328300,49965.65000000,49960.22000000,0.02500000,0.33713900,15.475270000000002,3.8614339999999987
2021-02-25T18:20:38.811765,49959.22000000,49953.63000000,1.00000000,0.17863200,2.004753000000001,1.3804169999999998
2021-02-25T18:20:44.299335,49944.02000000,49941.53000000,0.00100600,0.52000000,1.721566,1.396173
2021-02-25T18:20:49.791800,49953.35000000,49950.05000000,0.22603000,0.00100200,3.4299779999999997,0.872415
2021-02-25T18:20:55.289901,49939.95000000,49932.46000000,0.04217100,0.51779100,3.6879190000000013,5.547845000000001
2021-02-25T18:21:00.780539,49954.04000000,49954.03000000,0.26000000,0.40467600,1.447712,1.0054159999999996
2021-02-25T18:21:06.268620,49931.18000000,49923.37000000,0.10593100,0.03061100,3.1085600000000007,2.873916000000001
2021-02-25T18:21:12.195337,49909.47000000,49908.04000000,1.10250200,0.00000900,1.542193,3.9396599999999995
2021-02-25T18:21:17.683321,49895.58000000,49894.40000000,0.01002300,0.50997900,0.9514200000000002,2.8622270000000003
2021-02-25T18:21:23.169964,49885.49000000,49881.80000000,0.03670000,1.00000000,0.6834169999999999,2.713202
2021-02-25T18:21:28.656734,49880.94000000,49875.64000000,0.05194400,0.10500000,0.18453800000000004,0.563681
2021-02-25T18:21:34.143315,49899.91000000,49892.11000000,0.02014400,0.02804400,0.7359749999999999,0.367722
2021-02-25T18:21:39.632383,49918.60000000,49918.59000000,0.48432900,0.41760500,1.4389089999999998,1.9114970000000002
2021-02-25T18:21:45.118908,49912.73000000,49910.75000000,0.01002000,0.09212300,0.632174,1.089635
2021-02-25T18:21:50.615718,49910.75000000,49910.74000000,0.18366300,0.62857200,1.8637620000000001,0.47557099999999997
2021-02-25T18:21:56.105949,49950.27000000,49948.14000000,0.22768600,0.11288300,1.3044379999999993,0.6776730000000002
2021-02-25T18:22:01.595428,49970.77000000,49968.44000000,0.05638100,0.00549200,1.3124730000000002,1.243684
2021-02-25T18:22:07.081810,49954.11000000,49954.10000000,0.00024000,1.89832000,1.057394,0.21931499999999998
2021-02-25T18:22:12.998672,49951.71000000,49951.70000000,0.86141400,0.52228000,0.7311030000000001,1.3962649999999999
2021-02-25T18:22:18.920763,49948.64000000,49948.10000000,0.06682800,0.00000900,0.9621769999999998,0.6614690000000001
2021-02-25T18:22:24.404334,49972.28000000,49965.02000000,0.01184100,0.11332800,1.9492019999999994,1.1206809999999998
2021-02-25T18:22:29.889584,50022.50000000,50022.01000000,0.05613800,1.67123000,12.475508999999992,12.470533999999999
2021-02-25T18:22:35.383363,50015.31000000,50015.30000000,1.26000000,0.00260000,4.800153000000001,2.608796
2021-02-25T18:22:40.869385,50042.05000000,50037.46000000,0.18802300,0.47999400,2.5632550000000007,1.146402
2021-02-25T18:22:46.352498,50055.11000000,50050.33000000,0.00565400,0.00275700,11.531504000000004,4.071738999999998
2021-02-25T18:22:51.842365,50060.09000000,50060.00000000,0.26000000,0.01476300,2.6722709999999994,2.2003389999999996
2021-02-25T18:22:57.331302,50038.46000000,50037.99000000,0.18884300,0.63988700,2.6309420000000006,2.8769199999999997
2021-02-25T18:23:02.812151,50031.19000000,50031.18000000,0.44342700,0.20186900,2.1403220000000007,1.6394980000000001
2021-02-25T18:23:08.306372,50017.70000000,50017.69000000,0.18190400,0.52000000,2.4889729999999988,2.491806
2021-02-25T18:23:14.224587,50033.96000000,50028.65000000,0.00999600,0.06583300,9.319081000000006,9.099829000000001
2021-02-25T18:23:20.148848,49962.52000000,49962.35000000,0.52000000,0.02500000,5.324090000000001,19.601459000000002
2021-02-25T18:23:25.640746,49983.23000000,49973.81000000,0.05882200,0.03777900,6.146278,9.719073000000005
2021-02-25T18:23:31.130770,49991.80000000,49987.26000000,0.01348000,0.08037200,2.7169459999999996,1.3892449999999996
2021-02-25T18:23:36.618314,49974.63000000,49969.86000000,0.08809800,0.03868900,0.49087899999999995,0.370499
2021-02-25T18:23:42.103446,49963.78000000,49955.35000000,0.00020100,0.04742000,0.6636150000000002,1.202494
2021-02-25T18:23:47.587056,49950.63000000,49950.62000000,1.82958800,0.00000500,0.25248299999999996,0.36336000000000007
2021-02-25T18:23:53.077848,49938.85000000,49933.79000000,0.00000400,0.04690300,1.439271,1.643008
2021-02-25T18:23:58.563386,49954.17000000,49954.16000000,0.25934000,0.01316800,0.7905569999999997,0.714834
2021-02-25T18:24:04.048840,49952.06000000,49943.10000000,0.21000000,0.05628600,0.7724909999999999,0.15923100000000004
2021-02-25T18:24:09.535816,49937.43000000,49928.63000000,0.10316600,0.20761700,0.138901,0.25921199999999994
